3304 5438
932 471 978 542 ld
1364 483 1560 542 9830-0287

402 673 433 726 et
458 665 626 746 principum
654 666 925 746 consanguInitates
953 659 1170 728 demonstrtns'
1206 687 1273 728 oum
1300 663 1399 730 indice
1428 670 1594 732 eubnsroet

403 749 590 812 dedicatione
618 750 656 810 ad
678 751 909 830 LecpoldnmI,
939 752 1152 831 Imperatorem
1181 756 1340 834 praemissa.
1383 755 1419 815 ln
1447 756 1513 818 folio
1536 759 1595 818 inter
1634 773 1635 784 ¹

402 847 606 914 mgnmontum
627 838 758 898 anterius
780 845 811 898 et
832 838 934 898 folium
957 839 1083 918 primum
1105 839 1215 918 legitur
1236 842 1338 902 notula
1360 861 1488 923 sequens
1510 833 1595 904 ‘riom
1633 841 1635 898 l

402 923 440 982 ad
464 924 494 984 id
516 923 721 1002 interpellatus
743 923 813 984 hinc
836 924 907 986 inde
927 924 1036 984 additis
1058 925 1157 1004 (siml.
1181 927 1306 1005 addidit)
1329 929 1361 987 in
1382 930 1472 988 ermis
1492 929 1595 1009 adpietis
1633 935 1635 984 ζ

402 1030 531 1070 errores¹
550 1009 654 1070 obvios
683 1008 869 1086 emendavit,
898 1010 1080 1091 lacunasqus
1113 1011 1165 1074 ubi
1192 1014 1297 1074 notitia
1322 1013 1489 1076 defectuum
1513 1015 1595 1076 baberi

404 1097 510 1174 poterit
532 1095 683 1176 supplevit
705 1093 937 1175 christophorus
958 1096 1074 1175 Nicolaj
1097 1117 1116 1157 a
1137 1091 1399 1178 Greyffsncrenta.'

297 1213 616 1298 9230.[Roc.1753.]
646 1215 692 1274 cb.
715 1215 818 1277 XVII.
847 1215 918 1278 af.
954 1214 1137 1297 Conspectus
1160 1218 1384 1298 chronologicus
1405 1220 1531 1282 historias
1548 1224 1594 1280 uni·

402 1301 525 1361 versalia
558 1301 596 1360 ab
626 1299 725 1361 Adam
753 1321 849 1382 usque
876 1301 915 1362 sd
942 1302 1058 1363 dulium
1088 1303 1235 1364 Omarem
1263 1305 1294 1364 in
1316 1305 1428 1366 tabulis
1454 1315 1594 1367 summoto·

404 1386 563 1467 graphicis.

297 1499 389 1560 suat.
404 1495 491 1582 [Nor.
515 1496 598 1580 633]
622 1498 667 1558 ch.
683 1495 802 1560 XVIII.
826 1495 917 1559 tbi.
961 1497 1085 1560 (iar-olus
1109 1499 1260 1561 (instem
1283 1499 1418 1576 Hermus,
1438 1493 1595 1563 ‘Thesauros

403 1585 611 1644 numismatum
633 1585 865 1647 recentiorum..
896 1583 995 1644 Oaroli
1011 1585 1065 1648 Vl.
1089 1586 1293 1666 Imperatoria.
1308 1632 1315 1649 .
1332 1590 1456 1666 Jnrsu..
1480 1609 1595 1667 argiro

405 1669 542 1749 plrylsoio
566 1671 643 1730 aula
664 1686 800 1730 emerere
813 1669 1054 1730 Vindobonensis
1077 1691 1131 1752 per
1152 1671 1269 1732 tabulas
1295 1673 1382 1734 LXV
1411 1674 1551 1735 erlribltus
1573 1683 1595 1734 st

402 1757 478 1817 ser-ie
500 1757 694 1835 genealogica
715 1747 893 1836 dispositus?
917 1755 1050 1836 Singulis
1065 1755 1174 1818 tabulis
1190 1761 1241 1818 reri
1256 1759 1356 1820 incisis
1377 1760 1593 1842 explicationi

399 1844 505 1920 juncta
527 1851 581 1905 est.

1634 1879 1635 1910 l

298 1953 391 2016 enas.
406 1949 495 2040 [nov.
520 1951 604 2035 aas]
633 1953 678 2016 ch.
707 1951 810 2015 xvn.
839 1956 910 2030 e÷
925 1955 995 2017 sss.
1018 1950 1038 2016 r.
1089 1956 1196 2016 snm
1215 1955 1328 2017 nonin
1355 1977 1374 2018 a
1400 1959 1555 2020 unsrun
1571 1957 1594 2016 s.
1633 1911 1635 2026 l

403 2038 443 2103 sl.
466 2037 516 2112 V..
551 2039 712 2118 catalogus
735 2041 923 2120 antiquorum
945 2039 1153 2102 numismatum
1176 2051 1382 2122 argenteorum
1406 2047 1530 2104 omnium
1549 2043 1594 2102 Iu·
1633 2027 1635 2088 l

402 2133 555 2205 gnatorum
578 2135 608 2185 et
630 2126 840 2204 Augustorum,
864 2145 929 2208 quoa
951 2129 1139 2188 eontlnentar
1160 2128 1191 2188 in
1212 2129 1326 2190 Musaeo
1349 2129 1512 2192 Viennensi
1529 2127 1593 2190 EF.
1633 2091 1635 2192 l

401 2213 600 2272 Eremitarnm
623 2211 867 2272 discalceatorum
890 2212 920 2273 S.
943 2213 977 2276 P.
997 2215 1192 2294 Augustini..
1221 2215 1348 2276 collecta
1369 2217 1474 2278 ordine
1495 2216 1591 2278 chroro
1634 2247 1635 2280 i

403 2299 499 2377 logico
520 2299 618 2378 posita
640 2307 670 2358 et
691 2299 810 2378 scripte.
1634 2307 1635 2336 ³

1074 2419 1083 2436 ⁴
1633 2419 1635 2460 l

298 2413 1459 2586 ⁹2³³lit...i¹l..⁰¹t.i.iii..¹ti..i..li¹i‡2i}:.i'.†iit3³⁰:
1479 2421 1594 2586 if‘t‘i
1634 2463 1635 2466 ’

404 2589 524 2651 tembrie
547 2609 642 2672 nsque
664 2589 702 2652 ad
724 2593 774 2652 24.
791 2589 969 2650 Novembris
992 2609 1058 2650 cum
1082 2589 1223 2652 subnexis
1246 2593 1416 2656 nominibus
1440 2613 1540 2671 eorum,
1557 2594 1592 2672 qui

311 2681 313 2686 '
402 2677 458 2737 hoc
480 2677 510 2736 in
533 2675 641 2757 oppido
664 2671 827 2736 obsidendo
859 2679 952 2755 gestIe
975 2675 1121 2758 lactisque
1143 2677 1357 2742 excelluerunt.
1408 2683 1469 2742 145
1491 2681 1592 2740 contrat

294 2771 297 2780 ’
402 2784 539 2842 mappam
562 2761 790 2842 geographicsm
807 2761 954 2824 coloribus
970 2762 1138 2824 distinctam
1159 2761 1411 2828 demonstrantem
1435 2766 1591 2848 apertioni·

402 2849 533 2910 ticatoria
555 2847 752 2909 obsidentium
775 2855 805 2909 st
827 2847 1023 2909 obsessorum.
1633 2815 1635 2940 Ι

296 2969 388 3030 9234.
406 2965 495 3053 [Hirr.
519 2969 593 3050 prof.
617 2965 679 3054 27.]
712 2967 757 3032 cb.
779 2967 882 3034 XVII.
913 2967 1026 3032 isti.
1065 2969 1151 3031 Vltus
1175 2971 1351 3052 heupech,
1375 2968 1536 3034 Chronicou
1553 2971 1592 3030 lia·

405 3057 493 3115 varise
515 3057 638 3115 latinum
663 3057 693 3114 in
716 3055 775 3116 fine
798 3055 944 3134 mutilum,
967 3050 1139 3136 producitur
1160 3077 1267 3137 nempe
1290 3050 1390 3118 bocin
1407 3059 1592 3138 codicemque
1633 3061 1635 3100 l

401 3139 439 3200 ad
468 3136 614 3201 rubricam
649 3139 687 3202 de
719 3139 798 3202 bello
831 3143 1007 3222 gravissimo
1041 3153 1108 3222 post
1140 3151 1263 3204 mortem
1293 3143 1416 3224 Georgii
1445 3143 1522 3208 ducis
1551 3153 1591 3202 sc.

403 3221 508 3287 Ohmel
530 3227 555 3298 Ι,
580 3225 686 3289 ccvi.

297 3345 388 3408 9235.
403 3342 491 3430 [ch.
515 3343 599 3430 429]
623 3346 668 3408 ch.
689 3345 792 3408 XVII.
816 3347 867 3406 36.
890 3345 909 3410 f.
935 3345 1108 3408 Octcdecim
1130 3347 1239 3407 tabulae
1261 3347 1408 3410 coloribus
1430 3347 1591 3412 lucidissimis
1633 3361 1635 3420 i

403 3435 489 3512 picta
511 3433 617 3492 seriem
636 3433 773 3494 comitum
797 3441 827 3492 et
844 3433 1009 3514 principum
1024 3431 1350 3496 Hohennollsrsnorum
1373 3441 1590 3516 representans
1634 3479 1635 3504 .

403 3517 642 3579 avetnstissimo
664 3517 823 3597 Teesilpne
850 3524 1097 3598 contemporaneo
1122 3517 1220 3580 Caroli
1236 3519 1339 3600 Magni
1361 3541 1381 3581 u
1419 3541 1456 3582 ue
1478 3517 1512 3580 ad
1527 3519 1590 3578 ldso·
1633 3507 1635 3586 l

406 3605 484 3666 laum
506 3604 651 3665 I'riderici
674 3603 745 3664 dicti
761 3601 899 3684 Ottinger
920 3603 1023 3684 lilium,
1048 3605 1098 3686 qui
1121 3621 1218 3665 arcem
1240 3607 1337 3685 gentis
1360 3539 1523 3668 codrantes
1541 3601 1591 3662 siri·
1633 3599 1635 3678 l

402 3691 512 3752 tatibus
530 3689 731 3772 imperialibus
745 3683 923 3751 destructam
939 3691 1125 3752 instauravit.
1141 3689 1316 3772 cuicunque
1337 3693 1447 3754 tabula
1462 3687 1590 3774 explicato
1633 3681 1635 3764 l

403 3778 575 3856 germanica
596 3777 754 3856 subjuncta
776 3785 829 3838 est.

298 3897 392 3958 9236.
407 3891 456 3983 [Ν.
480 3924 503 3960 r.
526 3893 568 3984 m]
602 3897 648 3958 ch.
670 3893 757 3958 XVI
789 3897 830 3956 42
845 3898 881 3974 l·
896 3897 946 3956 45.
970 3897 989 3960 l.
1036 3898 1077 3974 1.)
1113 3903 1204 3956 1·-
1221 3897 1288 3960 42¹³.
1334 3897 1503 3959 Relationes
1521 3893 1589 3954 bisto-

403 3985 471 4043 ricas
494 3978 531 4044 de
553 3983 679 4042 vetustis
701 3981 838 4062 gentibus
860 3983 991 4062 patriciis
1015 3981 1143 4042 civitatis
1162 3983 1312 4062 Augustae
1327 3981 1538 4045 vindelicorum
1556 3997 1588 4038 α·

407 4089 530 4150 rumque
552 4067 711 4129 foederibus
734 4067 821 4128 dictis
843 4069 1006 4148 vulgariter
1019 4060 1253 4128 ‘Trinkstuben’
1283 4089 1348 4130 oum
1365 4071 1502 4131 subnexis
1521 4067 1585 4128 door
1634 4115 1635 4164 p

405 4157 511 4216 mentis
527 4153 728 4236 probantibus,
752 4155 931 4234 germanice.
956 4150 1000 4238 2.)
1020 4157 1167 4216 1·-4ὁ·.
1189 4154 1325 4215 Historia
1338 4155 1503 4236 germanica
1515 4168 1587 4214 romu
1634 4213 1635 4216 ,

404 4240 731 4303 a.1429(lonstentiae
753 4239 792 4300 ad
806 4239 903 4300 locum
918 4238 1122 4318 Brigantinnm
1146 4247 1296 4320 gestarum
1318 4243 1396 4302 inter
1411 4239 1528 4320 collegia
1544 4233 1588 4315 opi·
1633 4217 1635 4350 1

402 4327 491 4387 ficum
513 4335 545 4388 et
564 4327 706 4407 patricios
729 4325 785 4386 sub
807 4325 982 4390 emblemate
1005 4327 1076 4386 catti
1097 4327 1266 4388 foederatos.
1634 4353 1635 4364 *

298 4448 391 4508 sset.
407 4441 495 4531 [ling.
511 4447 544 4506 F.
562 4443 644 4528 164]
669 4445 714 4507 cb.
729 4443 849 4508 XVIII.
872 4443 992 4522 (1⁷30.)
1016 4445 1108 4507 sut
1139 4445 1288 4506 Antonius
1311 4445 1454 4508 Cornidss
1475 4443 1518 4505 vel
1537 4439 1586 4500 mr
1634 4497 1635 4518 2

403 4531 467 4592 nidi
489 4551 548 4592 von
570 4531 730 4606 Kornield‚
767 4523 867 4591 ‘Orbis
889 4531 1028 4591 coelornm
1058 4540 1262 4612 terrarumque
1290 4551 1343 4592 sen
1370 4535 1459 4594 totius
1484 4522 1586 4591 unitati
1634 4519 1635 4594 l

404 4617 646 4697 cosmographia
668 4609 839 4696 numptio'
868 4619 899 4678 in
921 4617 1029 4678 umis
1051 4619 1137 4697 pictis
1165 4627 1197 4678 et
1216 4620 1387 4698 germanice
1408 4615 1581 4699 mnsam·
1634 4609 1635 4666 Ῑ

403 4704 443 4766 sd
464 4703 633 4788 Principem
656 4705 824 4784 Eugenium
850 4702 1093 4768 munuum.

1633 4677 1635 4746 l

1633 4763 1635 4842 l

1633 4845 1635 4904 l

1634 4907 1635 4980 l
