3264 5438
926 428 992 498 272
1364 435 1572 526 soro-sorr

403 621 460 681 viis
482 621 640 701 stratisque
660 619 801 680 Moravire
822 618 948 699 publicis
969 639 986 678 a
1004 619 1214 698 Nicolaiburgc
1236 604 1332 702 usque
1354 621 1392 682 ad
1412 621 1484 682 fines
1498 621 1589 682 Silesis

404 709 546 852 iffi&
564 706 793 850 {tmpptpuctis
817 726 883 766 cum
905 705 1088 766 documentis
1110 715 1141 766 et
1161 708 1276 787 mappis
1299 707 1520 786 elegantissimis
1540 728 1590 787 pro·

300 914 392 972 8611.
405 911 487 995 [Rec.
506 914 597 973 1061.
617 909 656 992 2.]
680 911 725 972 61.
747 911 866 971 XVIII.
889 913 940 973 30.
961 912 981 973 i.
1004 911 1062 973 obl.
1105 911 1329 990 chnograpbire
1352 920 1382 972 et
1403 913 1588 972 delineatione

405 999 516 1058 calamo
540 1007 667 1056 exaratur
689 1007 719 1057 et
740 997 886 1056 coloribus
908 995 1127 1074 elegantissime
1149 997 1293 1057 distincte
1315 999 1444 1058 omniurn
1467 999 1589 1058 fortalitio·

404 1105 477 1154 rum,
501 1085 609 1142 arcium
626 1092 680 1142 etc.
703 1081 741 1142 ab
764 1082 941 1144 exercitibus
958 1083 987 1142 S.
1003 1083 1039 1141 R.
1055 1083 1175 1162 Imperii
1198 1084 1272 1144 duce
1295 1091 1325 1144 et
1346 1085 1468 1163 auspice
1480 1085 1589 1162 Enganic

404 1169 536 1248 principe
558 1167 752 1228 Sabaudiensi
775 1169 806 1226 in
828 1169 929 1243 Italia,
952 1167 1112 1228 Germania
1133 1169 1264 1229 infcriori
1286 1177 1317 1230 et
1335 1169 1464 1230 Francia
1483 1169 1588 1230 obsesso

403 1275 467 1314 rum
489 1263 519 1314 et
541 1263 784 1333 expugnatorum.

299 1377 390 1436 8612.
404 1368 485 1459 [Res.
504 1375 592 1435 1061.
612 1371 650 1454 1.]
668 1373 712 1434 cb.
727 1373 830 1434 XVII.
847 1375 896 1432 84.
912 1374 932 1432 f.
955 1373 1013 1434 obl.
1058 1373 1226 1452 Leopoldus
1240 1373 1415 1435 Franciscus
1432 1393 1490 1434 von
1502 1375 1589 1435 Roseu-

403 1459 478 1537 sold,
508 1459 732 1538 Ichnogrephiae
759 1468 789 1519 et
814 1459 1027 1519 delineatiooes
1057 1460 1169 1518 calamo
1199 1469 1327 1518 exaretur
1350 1480 1382 1520 es
1404 1462 1507 1539 partim
1525 1463 1588 1537 nigro

403 1547 494 1606 sinieo
524 1547 629 1624 partlm
659 1543 803 1604 coloribus
834 1544 979 1604 distinctas
1007 1547 1135 1604 omnium
1163 1545 1346 1624 proeliorum,
1377 1555 1530 1606 castrorum
1548 1555 1588 1605 stc.

403 1652 469 1711 quse
489 1631 591 1691 metati
613 1640 681 1690 sunt
704 1632 849 1690 exercitus
872 1629 902 1689 S.
926 1631 961 1692 R.
984 1631 1105 1709 Imperii
1127 1651 1180 1709 pro
1201 1631 1357 1708 Hungaria
1379 1641 1482 1691 contra
1500 1633 1588 1690 Turres

401 1716 603 1795 recuperanda
624 1715 699 1775 duce
721 1725 750 1776 et
772 1716 892 1794 auspice
913 1716 1050 1795 Eugenic
1072 1717 1204 1794 principe
1222 1716 1419 1776 Sebaudiensi
1443 1720 1520 1778 612.
1532 1716 1588 1778 Iulii

404 1805 484 1862 1697
507 1821 601 1882 usque
622 1801 661 1860 ad
682 1803 731 1861 27.
755 1801 930 1860 Nouembris
956 1803 1035 1861 1698
1059 1822 1126 1860 666
1149 1801 1346 1880 explicatione
1368 1806 1539 1880 germanice

298 1933 380 1990 8613
397 1932 533 1991 618614.
550 1929 640 2012 [Η161.
663 1929 735 2008 prof.
752 1932 770 1990 8
786 1927 871 2011 619.]
895 1929 940 1990 cb.
962 1929 1048 1992 XVI.
1072 1932 1132 1989 326
1148 1931 1265 1990 61355.
1307 1929 1466 1990 Jobannes
1483 1929 1588 1990 Jacobus

402 2017 529 2095 Fugger,
552 2017 685 2074 Historia
706 2015 864 2074 Austriaca
885 2017 1052 2093 germanico
1074 2035 1208 2076 sermone
1230 2015 1348 2074 condita
1369 2036 1396 2078 a.
1423 2019 1502 2076 1555
1521 2016 1587 2094 pluri·
1618 2057 1620 2068 .

401 2103 457 2161 mis
479 2102 567 2161 armis
589 2101 741 2180 gentiIitiic
764 2109 794 2159 ct
815 2102 1021 2180 antiquitatum
1051 2101 1226 2179 imaginibus
1255 2121 1340 2180 pene
1371 2103 1526 2162 innumeris
1544 2100 1587 2158 616

401 2189 572 2267 gentissime
587 2188 672 2267 pictis
688 2196 839 2248 exornata.
872 2187 938 2246 Vol.
953 2187 978 2248 Ι.
995 2187 1085 2247 libros
1100 2187 1223 2249 I-VI.
1240 2197 1270 2246 st
1284 2186 1350 2248 Vol.
1366 2187 1407 2246 11.
1424 2187 1524 2248 librum
1537 2185 1587 2246 VII

402 2273 611 2352 complectitur.
1093 2301 1104 2320 .

296 2391 406 2454 861411
421 2391 509 2474 [Η161.
532 2391 605 2472 prol.
629 2389 668 2473 V.]
691 2393 736 2455 cb.
755 2392 841 2453 XVI.
864 2393 936 2453 450.
978 2392 1133 2452 Jobsnnes
1154 2391 1286 2452 Jacobns
1309 2393 1449 2472 Fugger,
1482 2390 1587 2452 Historia

401 2480 558 2537 Austriaoe
579 2480 746 2555 germanico
769 2499 902 2537 sermone
920 2478 1037 2537 condita
1052 2497 1077 2540 a.
1097 2481 1177 2536 1555
1193 2478 1326 2556 plurimis
1349 2481 1440 2538 armis
1460 2477 1587 2556 gentilitiis

400 2573 430 2622 et
452 2565 656 2643 antiquitatum
680 2564 855 2642 imaginibus
879 2581 963 2641 paene
983 2565 1144 2622 innumeris
1173 2565 1392 2640 elegantissime
1419 2567 1503 2643 pictis
1525 2581 1586 2621 eror-

400 2657 478 2708 neta.
514 2650 581 2709 Vol.
597 2649 622 2711 Ι.
645 2650 847 2728 complectitur
868 2649 957 2708 libros
972 2649 1095 2710 I—VI.
1118 2652 1182 2708 sive
1204 2649 1354 2708 historiam
1375 2649 1587 2730 Habspurgicuu

401 2734 438 2794 ab
461 2736 544 2794 initio
565 2736 662 2812 gentis
685 2735 838 2816 usquead
861 2735 1042 2794 Fridsricum
1063 2735 1119 2796 III.
1143 2735 1365 2814 Imperatorem.

295 2856 387 2916 8615.
401 2849 482 2938 [Rec.
508 2852 610 2936 1512]
634 2855 680 2916 61.
702 2855 787 2914 XVI.
813 2855 924 2916 160.f.
968 2855 1085 2934 Figurae
1113 2855 1224 2914 calamo
1253 2863 1382 2914 exaratae
1412 2863 1444 2915 et
1468 2851 1587 2914 coloribus

401 2940 545 3000 distincte
559 2941 699 3000 videlicet
713 2943 860 3000 variorum
875 2941 1037 3000 'Parcarum
1060 2941 1276 3018 imperatorum,
1301 2943 1517 3020 capitaneorum
1536 2937 1588 2996 elio

401 3045 524 3104 rumque
546 3026 712 3085 officialium
735 3024 895 3104 imagines,
928 3026 1036 3085 deinde
1056 3035 1116 3085 tam
1139 3027 1207 3100 vites
1229 3027 1354 3104 publices
1376 3047 1466 3106 quam
1490 3027 1588 3105 privata

399 3109 531 3184 habitus,
559 3131 669 3182 mores,
698 3110 796 3188 ludos,
825 3112 1005 3171 ceremonias
1028 3119 1083 3172 etc.
1105 3113 1137 3170 16
1159 3111 1416 3190 Constantinopoli
1439 3121 1469 3172 et
1489 3109 1588 3170 alibiir

399 3195 509 3254 'I'urcie
536 3205 779 3275 repraesentantes
809 3195 1036 3268 delineationem
1071 3217 1145 3277 quas
1176 3197 1331 3257 Johanncs
1358 3197 1542 3256 Lewenklas
1560 3189 1587 3248 ab

399 3279 600 3341 Amelbeuren
627 3285 657 3340 in
687 3283 812 3360 gratiam
833 3331 861 3344 ..
883 3283 1059 3361 Hieronymi
1088 3283 1171 3342 Beck
1199 3303 1218 3341 a
1247 3283 1458 3362 Leopodstorff
1480 3331 1506 3344 ..
1525 3277 1588 3360 pingi

398 3367 511 3425 curavit
538 3386 565 3428 a.
596 3369 686 3429 1586.
723 3366 839 3449 Cuique
868 3367 976 3428 tabulae
1003 3368 1177 3428 brevissima
1204 3369 1352 3449 adscripta
1380 3380 1428 3428 est
1454 3367 1587 3448 explicatio

397 3471 573 3531 germamca.

294 3571 386 3633 8616.
400 3567 481 3654 [Rae.
505 3568 607 3657 1727]
631 3571 676 3632 cb.
698 3573 817 3636 XVIII.
840 3575 880 3633 78
897 3575 936 3652 -l-
953 3577 982 3636 2.
1003 3573 1024 3634 l.
1048 3581 1078 3634 et
1099 3576 1150 3635 4⁰.
1192 3573 1347 3634 Johannes
1362 3573 1526 3642 Bobadscb‚
1545 3569 1587 3628 Re·

397 3658 467 3717 16116
489 3659 656 3737 germanica
674 3659 710 3719 ad
726 3659 916 3720 Franciecum
930 3659 955 3718 I.
977 3659 1189 3740 Imperatorem
1211 3659 1248 3720 de
1270 3662 1386 3720 noviter
1408 3662 1440 3719 in
1463 3655 1587 3718 montibus

397 3743 554 3802 salinarum
578 3745 656 3804 circa
678 3743 836 3804 Gmunden
858 3745 981 3805 detectis
1003 3745 1116 3815 herbis,
1145 3745 1307 3824 lapidibus,
1335 3745 1504 3824 petreleetis
1527 3743 1586 3800 aliis·

396 3849 454 3909 que
476 3829 565 3890 rebus
584 3831 766 3890 naturalibus
789 3839 951 3890 memoratu
979 3831 1075 3909 dignis
1101 3853 1128 3892 a.
1154 3833 1244 3891 1762.
1282 3831 1410 3908 Adjeota
1433 3841 1478 3890 cst
1498 3831 1526 3888 in
1544 3827 1587 3884 fine

395 3907 489 3974 ‘Note
511 3935 562 3975 sur
583 3915 611 3975 le
628 3917 748 3995 journal
771 3916 808 3976 de
830 3909 998 3977 Bohadscb'
1022 3937 1110 3977 manu
1126 3916 1251 3977 Gcrardi
1273 3937 1331 3974 van
1348 3915 1478 3976 Swieten
1500 3915 1588 3988 scripto

397 4009 427 4059 et
448 4001 518 4060 deta
537 3993 604 4063 ‘19.
627 4003 712 4062 Avril
736 3995 829 4062 1763'
853 4021 912 4082 qua
933 4002 1078 4081 judicium
1107 4004 1163 4062 viri
1190 4003 1312 4062 illustris
1339 4021 1523 4082 nequaquem
1546 3997 1586 4056 lo

396 4084 487 4146 banni
508 4087 611 4148 favens
633 4089 805 4149 continetur.
850 4088 987 4148 Ceterum
1010 4089 1104 4148 codex
1126 4090 1190 4167 ipse
1212 4096 1275 4147 arte
1296 4089 1372 4146 mira
1393 4095 1528 4147 exaratus
1546 4091 1587 4141 est

291 4211 597 4320 8617.JRec.1051.]
620 4215 664 4277 ch.
687 4215 789 4277 XVII.
814 4217 862 4276 69.
885 4215 903 4274 f.
947 4215 1121 4275 Theodorus
1145 4215 1259 4275 Amade
1282 4236 1379 4274 comes
1401 4214 1440 4275 de
1462 4210 1586 4276 amadeo.

404 4299 455 4359 Sol
477 4299 649 4361 Austriacus
672 4304 736 4361 sive
758 4303 965 4379 augustissima
987 4303 1089 4360 domus
1112 4301 1269 4360 Austriaca
1289 4301 1419 4360 omnium
1448 4319 1542 4378 regum
1562 4313 1588 4350 tc

395 4386 559 4466 principum
586 4407 706 4465 percus,
736 4409 820 4465 reges
843 4397 872 4445 et
894 4387 987 4445 Italiae
1008 4388 1156 4466 principes
1179 4387 1322 4447 exbibens
1345 4385 1484 4445 historice
1505 4393 1532 4442 et
1549 4399 1587 4456 ge·

394 4471 547 4550 nealogice
575 4491 640 4530 cum
668 4475 793 4552 propriis
822 4473 997 4532 familiarum
1019 4473 1172 4551 gentilitiis
1195 4493 1341 4532 armorum
1363 4473 1483 4531 tesseris
1505 4468 1587 4528 adum·

395 4555 477 4617 brate
498 4603 526 4619 ..
544 4557 678 4618 Venetiis
694 4579 719 4619 a
737 4549 830 4618 1698’
847 4558 945 4618 multis
961 4577 1026 4617 cum
1041 4559 1142 4636 figuris
1158 4569 1213 4619 etc.
1231 4560 1327 4638 pictis.
1365 4557 1470 4619 Codex
1492 4567 1588 4617 summa

392 4651 456 4702 arte
479 4642 652 4722 calligraphi
674 4653 811 4705 exaratus
834 4643 985 4723 neapoleo
1007 4644 1031 4706 I.
1054 4645 1228 4724 Imperatori
1250 4644 1364 4705 dicatus
1387 4653 1442 4705 est.
