3290 5452
320 629 356 686 11.
420 625 447 682 5.
472 623 652 682 collectanea
672 623 776 680 latinae
798 623 1010 682 constructionis
1031 643 1082 700 per
1104 627 1143 682 22
1164 628 1275 700 regulas·
1325 669 1331 682 .
1376 665 1384 680 .
1424 669 1431 682 .
1511 629 1565 684 0111

320 743 361 754 -
417 713 444 768 6.
465 709 589 768 Lexicon
611 710 907 786 italico-germanicum
955 751 1430 771 ..........
1512 715 1565 770 test

319 829 362 842 ·-
404 827 445 838 -
467 797 617 855 Lectiones
639 797 797 854 ordinariae
818 797 847 852 in
869 797 966 870 lingua
986 799 1086 856 ltalica
1113 839 1431 860 .......
1462 801 1565 868 101001

323 917 359 929 -
407 913 446 926 ··-
471 884 640 940 Adversaris
661 885 697 940 de
719 885 832 958 linguae
853 879 973 958 gillicae
993 887 1174 959 grammatica
1213 930 1221 945 .
1265 927 1272 943 .
1318 932 1325 945 .
1372 931 1379 945 .
1420 931 1427 945 .
1475 887 1566 962 05551

320 1000 362 1016 -·
419 973 445 1028 7.
471 969 668 1044 specification
697 970 813 1028 etlicher
827 969 941 1029 Wtirter
970 972 1022 1030 nie
1048 973 1142 1030 solche
1167 973 1213 1030 bei
1234 975 1324 1032 denen
1349 975 1432 1050 Berg-

493 1057 604 1114 werken
626 1063 680 1114 etc.
704 1057 902 1131 gebrauchlich
955 1095 1430 1118 ..........
1441 1089 1445 1094 ·
1513 1060 1566 1114 llil.

322 1173 359 1184 —
409 1145 446 1208 Ι9.
469 1143 668 1217 Paradigmata
690 1145 895 1218 conjugationis
917 1145 1048 1204 techicae
1064 1188 1429 1206 ........
1477 1145 1567 1213 litii

318 1257 360 1274 --
397 1231 446 1287 10.
470 1228 630 1302 Alphsbeta
650 1230 729 1288 varia
750 1231 929 1300 Hebraicum,
952 1233 1088 1303 Indicum,
1110 1231 1261 1290 Arabicum
1282 1241 1338 1290 etr.
1373 1274 1381 1288 .
1422 1274 1429 1288 .
1461 1233 1567 1300 lutat

318 1345 361 1358 --
404 1343 445 1354 -
469 1316 627 1388 Specimina
649 1317 803 1391 scripturae
824 1318 974 1376 hebraicae
996 1326 1025 1377 et
1045 1319 1222 1378 rabbinicae.
1266 1363 1273 1377 .
1320 1363 1327 1376 .
1372 1361 1379 1376 .
1420 1363 1427 1376 .
1477 1317 1566 1388 11101

320 1434 361 1444 -
405 1431 447 1443 -
469 1401 836 1477 Speciminacalligrsphioa
849 1405 988 1464 variarum
1004 1406 1159 1482 linguarum
1174 1413 1231 1464 tam
1246 1407 1335 1464 occid.
1350 1423 1429 1478 quant
1585 1431 1592 1470 ,ι

493 1489 607 1546 orientis
644 1529 1430 1551 ................
1501 1489 1567 1544 lilii

320 1605 360 1615 -
406 1605 446 1616 -
468 1575 555 1632 Varia
577 1575 730 1648 specimina
751 1577 906 1650 scripturas
927 1579 977 1635 lat.
1000 1586 1029 1636 et
1050 1597 1171 1654 germ..
1213 1617 1222 1634 .
1266 1615 1273 1630 .
1319 1619 1327 1634 .
1373 1621 1380 1636 .
1422 1619 1430 1632 .
1460 1575 1568 1640 101001

319 1690 361 1702 -
404 1689 444 1699 -
468 1661 614 1734 specimen
637 1663 828 1721 characterum
849 1663 1014 1722 slavicorum
1059 1703 1431 1722 ........
1462 1661 1567 1725 119555·

318 1777 361 1789 -
405 1778 446 1786 -
468 1747 639 1805 Litterarum
661 1749 842 1824 singularium
865 1757 894 1808 et
914 1769 1012 1808 vocum
1034 1751 1269 1821 abbreviatarum,
1299 1767 1376 1825 quae
1402 1751 1429 1806 in

492 1835 591 1906 priscis
613 1835 841 1908 inscriptionibus
863 1843 1007 1908 occurnnt,
1029 1837 1222 1912 interpretatio
1266 1879 1273 1893 .
1318 1879 1326 1894 .
1372 1878 1379 1891 .
1420 1875 1427 1889 ·
1514 1831 1567 1888 9559

324 1949 361 1962 -·
408 1945 449 1960 «-
470 1921 537 1978 Fac·
541 1921 630 1979 simile
658 1924 732 1995 quod
760 1923 857 1979 dicunt
883 1925 998 1982 chartae
1026 1923 1136 1981 Pieriae
1159 1929 1191 1981 ct
1210 1925 1321 1997 quidem
1344 1923 1429 1997 partis

492 2008 632 2065 secundae
645 2046 1427 2069 ................
1491 2005 1567 2064 lutil-

224 2161 228 2166 ,
323 2119 360 2135 -
407 2122 448 2132 -
471 2093 631 2167 Descriptio
652 2101 682 2152 et
703 2095 842 2166 specimen
865 2097 1045 2170 evangeliarii
1063 2095 1278 2155 Oremiianensis
1299 2115 1355 2154 nec
1375 2114 1429 2153 non

491 2181 674 2254 apographon
696 2182 889 2238 nonnullorum
911 2181 1092 2256 diplomatum
1113 2189 1290 2249 vetustorum,
1315 2201 1389 2257 quae
1405 2185 1432 2239 in

496 2267 593 2322 eodem
615 2267 803 2340 evangeliario
825 2269 955 2341 leguntur
1006 2305 1431 2328 .........
1514 2263 1566 2320 1001

319 2377 360 2392 ·-
405 2375 445 2390 -ι
468 2351 523 2409 Ars
546 2353 780 2428 cryptographica
801 2355 958 2424 nomasima,
981 2355 1030 2412 ital
1033 2393 1429 2414 .........
1501 2351 1566 2406 loru

321 2468 364 2480 —
409 2471 446 2481 -
472 2437 572 2497 Glaves
592 2441 687 2497 variae
706 2459 758 2512 pro
773 2441 944 2514 explicandis
958 2442 1057 2499 litteris
1073 2441 1304 2517 cryptographioe
1323 2442 1430 2515 seriptis
1505 2435 1566 2493 llll*-

318 2555 360 2566 ·-
405 2551 447 2564 -··
468 2523 523 2581 Ars
538 2527 826 2600 steganographica'
804 2545 862 2584 sive
877 2529 1074 2587 vocabulorum
1088 2545 1318 2602 numerorumque
1332 2529 1444 2586 tabulas
1515 2522 1566 2578 9595

321 2639 360 2651 -
406 2641 446 2650 -
469 2610 523 2668 Αιι
546 2611 811 2687 cryptogrsphica
803 2631 832 2668 ιιι
853 2615 957 2672 tabulis
1000 2653 1430 2673 .........
1514 2607 1566 2664 9535

318 2725 361 2737 -·
403 2725 445 2738 -
466 2697 577 2759 Tabula
598 2699 833 2773 cryptographica
849 2739 1427 2760 ............
1461 2693 1566 2767 lilii,lv

319 2813 360 2824 -
397 2786 445 2841 12.
469 2784 556 2840 Varia
578 2793 710 2859 excerpta
729 2787 880 2859 praecipue
902 2787 1081 2860 exoperibus
1103 2788 1185 2844 trium
1203 2789 1374 2862 tragicorum
1405 2785 1501 2852 10515,
1513 2779 1567 2836 019

319 2899 361 2910 -
397 2872 444 2928 10.
468 2871 765 2938 Commentariorum
757 2891 786 2927 m
808 2891 902 2930 omnes
924 2873 1010 2930 libros
1032 2873 1190 2931 Aristotelis
1212 2877 1377 2948 catalogus.
1420 2913 1428 2927 .
1450 2863 1566 2932 1010955·

321 2985 358 2997 -
402 2956 607 3031 -Apologia
633 2977 684 3030 pro
706 2957 865 3016 Aristotelis
886 2959 1063 3032 philosophia
1105 2997 1428 3018 .......
1516 2948 1566 3006 9995·

319 3073 360 3083 -
406 3074 441 3085 -
466 3043 594 3102 Tabulae
615 3043 644 3100 in
667 3043 824 3101 Aristotelis
846 3045 911 3102 Peri
932 3045 1088 3103 hermenias
1104 3085 1322 3103 .....
1391 3035 1565 3115 1045115115.

320 3159 359 3169 -
405 3159 444 3170 -
467 3130 591 3186 Examen
619 3130 746 3188 iulet
767 3129 804 3186 11.
828 3131 877 3187 lib.
901 3131 1060 3190 Aristotelis
1081 3131 1146 3189 Peri
1168 3132 1325 3189 hermenias
1369 3173 1377 3190 .
1421 3121 1565 3198 ,plillll

320 3243 360 3255 -
404 3245 444 3255 -
467 3215 688 3273 Commentarius
721 3217 750 3272 in
775 3215 862 3273 libros
881 3217 1040 3276 Aristotelis
1073 3219 1138 3275 Peri
1164 3218 1320 3277 hermenias
1347 3235 1427 3274 manu

492 3301 610 3358 Fabiani
632 3301 797 3359 Coraduecii
819 3305 991 3377 conscriptus
1013 3323 1039 3362 a.
1057 3305 1138 3361 1530
1157 3343 1379 3362 .....
1436 3293 1566 3368 10049”,5

322 3421 359 3431 -
404 3415 445 3426 -
468 3389 667 3461 Fragmentum
689 3389 897 3462 expositionis
890 3409 918 3445 sn
940 3391 988 3447 lib.
1004 3392 1026 3448 Ι.
1049 3390 1230 3463 Physicorum
1247 3391 1425 3448 Aristotelis.
1462 3335 1567 3448 1099515·

322 3507 358 3520 -
408 3473 678 3546 -Disputationes
705 3493 755 3531 seu
775 3475 916 3533 dictata
908 3495 937 3534 ιιι
959 3477 1060 3534 librum
1082 3479 1105 3534 1
1135 3483 1163 3534 et
1183 3484 1290 3550 partem
1312 3477 1427 3535 librili.

490 3559 672 3633 Physicorum
694 3559 853 3618 Aristotelis
899 3603 1378 3621 ..........
1440 3550 1568 3624 19955155

318 3677 360 3688 -
406 3675 443 3686 -
468 3643 674 3704 Commentario
695 3647 861 3704 scholastica
882 3649 912 3704 in
927 3649 1086 3706 Aristotelis
1115 3649 1215 3706 lihmm
1230 3651 1308 3706 vm.
1332 3649 1428 3723 Physi-

320 3847 358 3858 -
402 3845 445 3858 -
468 3817 687 3878 Commentarius
712 3819 741 3874 in
762 3827 825 3876 octo
847 3820 932 3876 libros
954 3821 1136 3895 Physicorum
1159 3819 1319 3879 Aristotelis
1371 3863 1377 3876 .
1419 3865 1426 3880 .

318 3935 360 3947 -
404 3935 445 3944 -
465 3903 580 3962 Dictsta
600 3905 627 3961 in
643 3905 728 3962 libros
745 3913 807 3963 octo
823 3906 1005 3980 Physicomm
1020 3907 1179 3964 Aristotelis
1201 3907 1234 3964 R.
1250 3907 1427 3966 &maerech

492 4009 576 4048 manu
597 3991 704 4064 scripta
725 3992 834 4049 Patavii
859 3993 957 4052 1580.
1004 4033 1011 4051 .
1056 4035 1064 4052 .
1109 4035 1151 4051 ..
1162 4033 1428 4052 ......
1501 3977 1568 4041 59555

319 4105 360 4117 -
403 4075 689 4136 —Commentarius
716 4079 745 4133 iu
767 4078 925 4136 Aristotelis
947 4086 1011 4137 octo
1030 4079 1213 4152 Physicomm
1236 4080 1322 4137 libros
1353 4081 1427 4137 etin

490 4165 575 4222 libros
597 4165 632 4222 de
654 4157 732 4222 coelo
755 4170 783 4221 et
804 4167 907 4222 mundo
949 4203 1426 4224 ..........
1500 4149 1568 4213 59555·

319 4278 361 4289 -
404 4279 446 4292 -
469 4249 688 4309 Commentarius
709 4251 738 4306 in
759 4251 846 4307 libros
864 4251 1021 4310 Αιιιιοιιιίι
1044 4253 1079 4308 dc
1101 4253 1179 4310 coelo
1201 4259 1229 4310 ct
1251 4253 1378 4312 mundo.
1422 4291 1428 4305 ·
1500 4235 1568 4299 55555·

319 4363 361 4376 -
404 4363 445 4376 -
468 4336 666 4395 commentarii
688 4337 717 4393 in
735 4336 893 4394 Aristotelis
915 4337 1016 4395 librum
1037 4340 1074 4395 de
1096 4339 1174 4395 coelo
1196 4345 1226 4395 et
1247 4340 1351 4396 mundo
1384 4335 1482 4393 10440.
1459 4319 1569 4389 010111

320 4449 360 4461 -
404 4449 446 4462 -
468 4422 583 4481 Dictata
606 4425 635 4480 in
657 4423 742 4480 libros
764 4421 923 4482 Aristotelis
946 4427 980 4483 de
1002 4426 1183 4499 generatione
1205 4431 1234 4482 ct
1255 4427 1429 4500 corruptione

494 4515 522 4564 et
543 4511 572 4565 in
594 4516 650 4567 tres
672 4509 758 4566 libros
780 4511 815 4566 (le
837 4511 930 4568 anima
951 4547 1427 4570 ..........
1500 4489 1569 4555 55555

320 4617 362 4631 -
405 4621 448 4635 -
470 4594 502 4651 In
525 4599 582 4653 tres
604 4597 690 4655 libros
706 4595 864 4656 Aristotelis
886 4598 921 4656 de
943 4599 1036 4656 anima
1059 4597 1360 4657 commentariensis
1382 4575 1569 4740 11ζῖξίιῖῠέἷὶ
