3318 5438
95 510 381 574 rossan-rosus
669 505 736 576 247

171 699 267 759 lumel
301 695 639 758 1ost-163tvreanr.
673 699 717 772 2.)
746 691 963 756 reu-214⁵.
987 694 1211 770 Disputationes
1232 691 1271 754 de
1292 700 1358 752 ortu

173 793 203 844 et
225 785 356 861 interitu,
379 782 417 842 de
439 783 588 842 creatione
609 790 640 842 et
661 781 892 853 annihilatione,
921 780 958 842 de
980 780 1170 851 alteratione,
1204 778 1243 839 de
1264 781 1357 838 inten-

175 871 259 930 sione
281 879 312 928 et
332 869 514 943 remissione,
539 867 576 926 de
598 868 767 928 secretione
789 875 820 926 st
841 865 1045 944 rar-electione,
1067 863 1106 924 de
1127 863 1357 927 oondeosstione

171 963 228 1016 ee.
263 955 376 1034 seps
398 943 579 1032 ‘orspuuso
601 953 666 1012 res
687 955 716 1012 rs
738 961 799 1012 rm
821 960 927 1030 puoso
943 951 1037 1010 usin
1058 958 1171 1028 poue.
1185 998 1191 1010 .
1206 940 1226 1012 .’
1250 950 1355 1028 Expl:

173 1032 217 1118 ‘pr
239 1039 317 1118 allijs
339 1040 419 1100 eules
440 1048 472 1099 et
493 1039 611 1100 sioeitus
644 1046 673 1097 et
706 1039 772 1097 alise
794 1037 952 1118 qualitates
974 1037 1023 1096 uel
1045 1035 1169 1114 singule
1191 1035 1242 1094 nel
1264 1026 1355 1094 binre’

45 1163 296 1252 10850.[Plrilos.
321 1165 404 1250 255]
432 1167 478 1229 eh.
501 1167 605 1230 XVII.
629 1169 668 1226 73
685 1169 719 1241 -]-
735 1167 784 1228 20.
808 1165 828 1227 f.
858 1163 1007 1242 Jusephus
1028 1161 1227 1242 Fortenbueh,
1252 1163 1356 1223 Archi·

174 1263 288 1313 tortura
310 1253 426 1313 naualis
459 1253 513 1312 das
535 1253 574 1312 ist
594 1273 653 1311 von
677 1251 743 1311 dem
766 1249 1038 1311 Schts-Gebuw..
1079 1247 1218 1309 Codicum
1241 1269 1358 1309 ornnem

174 1349 276 1398 suetor
298 1341 441 1412 exoravit,
465 1340 571 1414 partim
595 1337 724 1398 eorrexit
756 1345 787 1396 et
809 1337 934 1415 adjeetis
955 1334 1062 1394 tubulis
1084 1337 1169 1414 nigre
1191 1333 1284 1394 sinieo
1307 1335 1356 1396 do-

174 1425 293 1484 llosntis
315 1425 484 1488 illustrsvit.

44 1547 567 1638 10851.[Roe.895.]euxvl1l
593 1547 714 1636 (1751.)
745 1552 796 1611 24.
817 1550 838 1614 f.
884 1547 1037 1610 Monsieur
1059 1547 1088 1608 le
1110 1546 1201 1612 baron
1223 1547 1358 1610 d’Eisen·

174 1637 262 1716 berg,
283 1628 631 1718 ‘L'untimsquignouoge
663 1657 702 1697 ou
731 1637 795 1696 avis
823 1655 861 1696 an
882 1635 988 1694 Publio
1013 1633 1154 1694 touehsut
1180 1634 1211 1692 le
1232 1633 1358 1716 perfaite

173 1723 384 1790 eonuoissanee
413 1723 451 1785 de
472 1731 569 1784 tontes
591 1723 635 1784 los
658 1723 769 1802 parties
792 1721 832 1782 du
854 1718 969 1781 ehevsl’
997 1721 1028 1780 iu
1051 1721 1090 1780 23
1106 1719 1215 1780 tubulis
1237 1719 1359 1802 plumbo

41 1849 50 1862 ·
173 1818 204 1874 et
224 1810 311 1890 nigro
334 1809 427 1872 sioleo
449 1807 661 1873 demonstrato.

42 1939 161 1997 10852.
175 1932 297 2022 [Philus.
318 1935 382 2020 45.]
404 1937 450 1998 eh.
472 1935 558 2000 XVI.
582 1936 701 2016 (1555.)
728 1937 799 1996 238.
821 1935 841 1998 s.
878 1935 1037 1994 Traetatns
1059 1933 1245 2012 germanieus
1268 1931 1305 1992 do
1327 1952 1359 1993 ro
1460 1974 1463 1985 ·

172 2023 321 2083 metellina
342 2032 372 2082 et
393 2031 533 2082 montane
549 2022 709 2082 universim
732 2029 763 2081 et
784 2020 946 2100 presertim
962 2018 1001 2078 de
1016 2018 1160 2078 Suseensi
1175 2026 1206 2078 ot
1221 2018 1359 2078 Hellensi

171 2109 203 2170 in
225 2109 364 2171 eomitntu
386 2105 536 2170 Tirolonsi
569 2127 595 2170 a.
622 2108 704 2168 1556
739 2106 923 2186 conscriptus
950 2104 1109 2184 multisque
1142 2102 1244 2181 liguris
1273 2103 1359 2183 pietis

173 2201 342 2256 exornetur.
373 2193 478 2254 Indiee
500 2193 696 2274 capitulorum
719 2192 869 2271 premisso
892 2190 1002 2269 incip:
1023 2183 1091 2249 ‘su
1113 2188 1166 2248 dor
1189 2188 1359 2266 Almeohtig

171 2277 274 2343 Dureh
296 2280 360 2340 sein
381 2279 525 2357 gdttliehe
546 2279 608 2339 und
630 2277 794 2338 miltreiehe
816 2276 928 2355 genad.
942 2322 949 2336 .
964 2267 985 2336 .'
1013 2275 1120 2356 ExpL:
1141 2264 1184 2334 ‘in
1207 2273 1357 2334 confirma-

171 2365 252 2427 tione
278 2365 428 2444 privilegii
455 2365 561 2444 judieii
591 2361 724 2425 montani
756 2362 837 2426 55.
866 2362 1037 2440 Iunsprogg
1064 2381 1111 2420 orn
1138 2367 1269 2420 neunten
1291 2360 1358 2436 Τις

170 2449 309 2512 «Ianuarii
327 2471 404 2512 enne
419 2450 567 2512 domini..
588 2450 736 2510 sedecimo
760 2467 882 2510 vesores
898 2447 1007 2510 Reiebs
1017 2448 1062 2524 jur
1078 2446 1265 2524 dreissigsten
1280 2445 1302 2504 J
1304 2437 1357 2506 ar.'

172 2533 342 2617 Sequuntur
354 2536 462 2596 tabule
478 2537 574 2614 pietur,
598 2536 742 2614 imagines
757 2535 888 2596 loeuruur
910 2540 940 2594 et
961 2531 1135 2612 oppidorum
1154 2537 1357 2590 montanorum

174 2621 205 2683 iu
228 2623 369 2685 comitatu
390 2621 539 2685 Tiroleusi
562 2621 747 2682 exhibentes.

39 2749 159 2808 10853.
183 2748 265 2832 [Res.
282 2749 384 2832 1826]
412 2749 457 2812 elr.
478 2741 595 2811 XVIII.
619 2751 735 2826 (1711.)
763 2747 853 2808 451.
893 2745 1049 2807 Jobannes
1072 2744 1109 2804 de
1130 2743 1160 2802 lo
1182 2742 1354 2825 Quintinye,

172 2835 355 2985 {glemu
378 2837 434 2898 wie
455 2835 504 2898 die
525 2835 738 2913 Zuergbtume
760 2854 797 2894 nu
819 2831 1061 2898 besebneiden..
1089 2829 1153 2890 Aue
1176 2829 1244 2890 dem
1264 2831 1356 2893 Fren-

39 3049 158 3108 10854.
172 3045 295 3132 [Philus.
318 3044 382 3135 ss]
405 3049 449 3113 elr.
474 3049 574 3109 XVIl.
601 3051 670 3111 142.
692 3049 713 3113 f.
740 3045 842 3128 Opera
862 3065 962 3106 nuova
984 3044 1130 3104 intitulato
1151 3043 1172 3103 il
1191 3043 1355 3124 Oauoliere,

171 3131 252 3194 nelle
274 3135 362 3216 quale
377 3137 671 3196 minutissimomsute
693 3135 718 3194 si
734 3153 858 3212 souopre
879 3133 947 3192 tutti
962 3133 973 3190 i
987 3131 1093 3190 seoreti
1121 3137 1151 3189 et
1173 3131 1248 3190 arisi
1270 3133 1356 3191 mira·

171 3219 225 3280 hili
253 3220 307 3280 ohe
330 3222 352 3282 11
374 3223 485 3300 pretieo
515 3241 533 3281 e
565 3221 707 3298 diligente
730 3227 924 3298 governatore
953 3217 983 3276 di
1006 3217 1135 3275 fortunae
1162 3235 1179 3275 e
1202 3217 1354 3295 espitoneo
1407 3225 1418 3240 '

173 3303 336 3366 d'esssreiti
358 3307 435 3367 douo
456 3306 566 3368 bsuere
587 3327 643 3366 eon
665 3315 742 3366 tutto
763 3304 847 3365 l’orte
868 3303 917 3364 del
938 3301 1148 3362 Bombsrdiuro
1176 3304 1356 3362 aeereseiuta

173 3390 204 3452 di
225 3391 300 3470 uarij
329 3399 360 3452 et
386 3393 469 3453 molti
492 3393 607 3454 seereti.
643 3393 710 3452 Hoo
731 3411 804 3473 opus
826 3389 958 3450 italieum
987 3387 1148 3468 presertim
1175 3386 1214 3446 de
1235 3387 1356 3448 urbibus

171 3477 292 3538 munitis
320 3486 421 3538 eontra
447 3477 547 3538 hostes
569 3477 763 3540 defendendis
791 3475 899 3536 deinde
928 3475 965 3534 do
986 3493 1019 3534 re
1041 3475 1180 3532 universo
1200 3474 1356 3552 pyroteeh-

173 3562 241 3624 nien
262 3561 363 3642 figuris
385 3563 658 3626 mouoohrornstieis
686 3571 859 3622 exornatum
887 3569 916 3620 ot
942 3560 1069 3620 diuisum
1097 3567 1142 3618 est
1174 3559 1203 3616 in
1226 3559 1357 3640 quinque

170 3647 278 3722 libros,
311 3669 434 3730 quornm
466 3649 589 3726 singulis
617 3649 708 3710 index
729 3647 923 3727 capitulorum
952 3643 1107 3704 subtextus
1138 3651 1192 3704 est.
1245 3644 1355 3724 Ineip.:

168 3725 241 3793 ‘Der
262 3741 326 3794 arte
347 3733 396 3794 del
416 3735 627 3794 Bomburdiero
648 3734 721 3812 (lap.
749 3737 776 3794 1.
793 3731 927 3793 Uolendo
954 3729 1081 3789 l'huomo
1109 3728 1154 3787 far
1175 3727 1356 3806 professione

173 3817 204 3876 di
218 3837 358 3880 eonosoer
379 3827 409 3880 et
430 3821 576 3901 imperare
593 3818 792 3880 l’inestiruabil
811 3829 874 3877 arte
889 3817 938 3876 del
954 3803 1221 3876 Bombsrdlsro.'..’
1247 3813 1355 3894 Expl.:

174 3895 206 3962 ‘ll
227 3905 274 3965 Re
295 3925 312 3965 o
334 3905 478 3986 Preneipe
500 3925 553 3986 per
574 3926 607 3965 se
629 3904 693 3966 solo
715 3905 747 3964 in
769 3893 849 3964 sala.'

35 4025 297 4116 10855.[Ph'r10r.
320 4029 383 4118 55.]
407 4035 452 4096 eb.
467 4034 554 4095 XVI.
578 4035 627 4094 99.
649 4032 670 4095 f.
696 4034 855 4092 'I'raetatus
875 4029 1064 4109 germanicus
1084 4028 1122 4088 de
1144 4033 1207 4088 erte
1228 4035 1355 4089 tormen-

172 4119 248 4178 tnria
270 4129 299 4178 et
321 4120 532 4198 pyroteehniea
561 4121 591 4178 in
614 4119 688 4180 duos
710 4118 802 4178 libros
824 4117 938 4176 divisus
960 4127 990 4176 et
1011 4115 1169 4192 inscriptus
1190 4103 1353 4176 ‘Besehrei

172 4204 254 4282 bung
286 4205 358 4265 oder
389 4205 551 4264 Absehrillt
579 4205 660 4266 eines
681 4204 797 4264 vralten
818 4199 1029 4262 Kunstbueehs
1048 4247 1055 4262 .
1075 4191 1096 4260 .'
1135 4199 1247 4278 Inoip.:
1280 4199 1354 4262 ‘Am

172 4289 281 4349 Eroten
308 4289 370 4349 will
392 4291 439 4350 ioh
463 4289 532 4350 dioh
560 4290 663 4350 lehren
689 4290 745 4348 wie
767 4289 807 4348 du
832 4287 913 4346 diese
936 4285 1022 4346 stuels
1047 4303 1079 4344 so
1102 4304 1157 4344 aue
1179 4283 1238 4343 den
1259 4283 1354 4348 Feur·

171 4375 307 4437 worken.
323 4424 329 4437 .
343 4367 366 4438 .’
399 4375 504 4455 urps:
525 4367 601 4435 ‘sud
625 4375 700 4434 doeh
723 4375 775 4433 das
797 4371 949 4432 Ztndlooh
978 4369 1061 4430 recht
1083 4386 1120 4429 nu
1141 4367 1275 4430 hinderst
1296 4380 1355 4433 stst

173 4483 207 4522 so
228 4462 282 4521 ists
304 4462 353 4522 ein
375 4459 502 4522 Zeiehsn
527 4461 578 4522 des
600 4452 731 4520 Prnohs.'
756 4459 918 4518 Subtextus
940 4466 986 4516 est
1007 4455 1046 4516 sd
1068 4455 1179 4516 calcem
1201 4457 1354 4534 eutologus

174 4545 443 4626 chronographiens
466 4547 659 4607 celebriorum
681 4545 848 4626 proeliorum
877 4544 1059 4623 aliorumque
1082 4549 1240 4602 eventuum
1263 4543 1353 4622 insig-

172 4633 288 4692 niorum
309 4631 347 4691 ab
370 4652 396 4690 a.
415 4634 496 4692 1322
518 4633 590 4708 (Die
605 4631 745 4692 Sabloebt
768 4650 820 4689 ror
841 4626 1033 4710 Reutliogen)
1055 4647 1151 4708 usque
1172 4625 1351 4689 ada.1514

173 4719 244 4797 (tuin
253 4717 362 4778 Auitus
372 4719 408 4796 jn
419 4719 486 4779 dsrn
498 4715 926 4798 herzogtlrunertirtembsrg
941 4735 1001 4776 verr
1014 4733 1116 4776 armen
1123 4711 1350 4793 Untertlrauen).
