3264 5438
87 451 277 512 8498-8508
616 515 620 528 ,
651 449 718 518 26⁹

140 725 369 826 competentium,
392 745 409 785 e
429 726 598 804 germanico
620 745 754 784 sermone
776 726 806 784 iu
825 727 946 785 latinum
963 714 1106 789 deducta?
1141 726 1280 810 (Goldast
1294 731 1342 790 De

138 813 215 892 regni
235 810 385 872 Bohemisa
402 811 518 888 juribus
540 811 625 872 Tem.
641 811 681 872 11
704 831 772 890 pag.
790 813 818 872 6.
841 808 938 893 seqq)

51 934 125 996 stes.
136 929 213 1014 [Rea
237 925 320 1016 675]
345 929 391 992 ch.
414 931 532 991 XVIII.
558 932 606 991 10.
629 933 680 993 40.
730 929 892 991 Consilium
918 931 1119 1010 germanicum
1146 933 1185 994 ad
1211 933 1341 1014 Impera-

136 1029 223 1076 torem
246 1014 399 1100 (Carolum
413 1017 467 1078 VI.
471 1015 483 1096 )
506 1017 545 1076 ds
565 1015 726 1076 munienda
747 1016 820 1076 urbs
841 1016 964 1076 Mantua
986 1026 1016 1077 et
1037 1017 1074 1077 de
1096 1020 1199 1078 castris
1227 1021 1342 1080 stativis

137 1103 171 1161 ad
190 1103 312 1161 fluvium
327 1102 468 1162 Mincium
491 1102 687 1162 instituendis.
724 1103 833 1181 Incip:
847 1092 969 1162 Sciner
983 1104 1078 1182 Kays.
1094 1103 1155 1164 und
1171 1104 1255 1166 carn.
1271 1105 1342 1182 Msj.

135 1189 202 1268 prird
227 1187 385 1248 hierdurch
411 1187 712 1266 alleruuterthttnigist
738 1190 940 1293 geaeiget...
945 1181 1103 1267 'Expl..
1128 1181 1210 1250 ‘vmb
1233 1211 1270 1250 an
1293 1191 1342 1250 die

136 1273 224 1346 Orter‚
248 1293 293 1332 wo
315 1294 384 1333 man
406 1273 458 1334 hin
479 1273 548 1350 will,
570 1273 724 1334 faursnau
740 1266 877 1336 konnen?
914 1273 1253 1356 Praeligataestrnappa
1274 1296 1342 1354 geo-

133 1360 271 1440 graphica
292 1359 444 1420 continens
467 1321 605 1420 duculum
626 1359 848 1421 Mantuanum.
863 1379 981 1438 .opera
1002 1367 1032 1419 et
1055 1359 1199 1420 sumtibus
1222 1360 1342 1422 Gabriel

133 1445 286 1506 Bodsnehr
308 1443 525 1524 Chalcographi
546 1445 723 1524 Augustani.
760 1409 869 1506 Altera·
886 1465 993 1524 mappa
1018 1447 1216 1527 geographica
1237 1466 1342 1548 reprae-

134 1539 248 1592 sentans
278 1531 381 1590 urbem
409 1531 600 1590 Mantuanam
635 1542 665 1591 et
698 1529 819 1592 fluvium
849 1531 990 1590 Mincium
1022 1533 1182 1592 secundum
1216 1533 1342 1592 auctoris

134 1617 253 1676 consilia
282 1617 424 1694 munitos,
456 1627 486 1676 st
511 1617 564 1676 ills
590 1615 739 1678 delineata
766 1625 796 1676 st
826 1617 971 1678 coloribus
998 1615 1137 1676 distiucta
1159 1617 1253 1678 codici
1274 1617 1341 1678 snb·

134 1703 229 1761 iuncta
252 1709 307 1762 est.

48 1817 212 1906 88881188.
230 1824 322 1882 1976.
340 1819 380 1905 1.]
403 1821 448 1884 clu
463 1821 582 1884 XVIII.
606 1823 656 1884 27.
679 1823 729 1884 4⁰.
772 1821 923 1902 Josephus
938 1823 1116 1884 Benedictus
1131 1821 1341 1902 Heyrenbach‚

132 1909 301 1988 Diplomata
321 1910 406 1968 varia
427 1909 610 1988 potissimum
632 1929 655 1968 s.
670 1909 743 1970 XII.
766 1917 796 1970 et
815 1908 905 1971 XIII.
928 1909 1035 1970 adres
1057 1910 1204 1990 praeeipue
1226 1909 1341 1988 Styrim,

133 1994 290 2054 Corinthia
312 2002 343 2054 et
364 1992 603 2072 Salisburgenses
631 1995 809 2076 pertinentis
836 2015 874 2055 ex
901 1993 1070 2076 archetypis
1092 2003 1122 2055 at
1143 1994 1226 2055 libris
1253 1995 1342 2054 tradi·

133 2081 241 2140 donum
265 2079 413 2160 descripta
435 2088 466 2140 et
488 2079 619 2142 collecta.

47 2203 212 2292 6501.[Rec
235 2202 343 2292 2122]
366 2207 414 2272 ch.
435 2207 522 2269 XVI.
547 2208 659 2270 1781.
688 2227 713 2270 8.
736 2209 825 2266 armis
846 2209 948 2287 gentil.
971 2209 1037 2271 coll.
1080 2209 1214 2268 Historia
1234 2227 1341 2284 genea-

132 2295 224 2372 logica
238 2294 359 2352 familiae
375 2291 554 2366 Grttsawein‚
570 2313 597 2356 a.
612 2295 702 2364 1588,
718 2296 894 2372 germanice.
932 2296 1044 2354 1-34
1060 2301 1175 2355 vacant.
1209 2295 1248 2352 35
1265 2294 1342 2354 Pras·

131 2379 198 2439 latio
213 2380 384 2458 germanica
398 2381 534 2440 auctoris.
569 2381 658 2440 36·-
667 2381 725 2438 178
742 2399 823 2438 arma
836 2381 989 2457 gentilitia.
1023 2381 1156 2440 Historia
1170 2381 1235 2460 ipss
1249 2378 1342 2440 deest.

46 2503 210 2588 stutsssac.
234 2505 320 2589 812]
343 2507 388 2568 ch.
410 2507 528 2569 XVIII.
552 2507 664 2570 256.ss
720 2507 867 2580 Consilia,
897 2509 1028 2587 projecta
1054 2517 1085 2568 et
1111 2509 1193 2566 varin
1220 2508 1279 2567 alia
1304 2507 1342 2568 ad

132 2595 265 2653 aradum
287 2591 336 2652 vel
363 2613 508 2654 cameram
538 2594 663 2652 aulicam
691 2595 855 2673 spectantia
881 2604 911 2652 et
938 2595 1056 2673 quidem
1082 2603 1245 2672 temporum
1267 2593 1341 2652 Leo-

130 2679 209 2758 poldi
230 2679 267 2752 L,
290 2677 417 2758 Jossphi
438 2679 472 2756 1.,
496 2677 594 2738 Ouroli
609 2678 662 2740 Vl.
685 2689 715 2738 et
737 2679 839 2739 Mamm
860 2679 1011 2740 Therasiae
1032 2680 1260 2760 Imperatorum,
1284 2679 1341 2738 col-

129 2763 204 2825 lecta
225 2785 245 2826 a
269 2761 437 2825 Godoiredo
458 2765 597 2846 Philippo
620 2764 798 2844 Spannagel.

45 2896 119 2960 8563.
132 2895 210 2986 [Rae.
226 2897 315 2987 812]
338 2901 384 2964 ch.
398 2901 517 2964 XVIII.
541 2904 611 2962 167.
633 2901 653 2962 1.
697 2900 882 2962 Godofredus
896 2901 1050 2980 Philippus
1066 2899 1244 2980 Spannagel
1268 2901 1340 2960 Pars

129 2988 260 3048 secunda
281 2988 580 3048 Animadversionum
603 2990 633 3048 in
652 2988 805 3048 Viudicias
826 2988 989 3047 vindicatas
1011 2987 1147 3065 vulgatas
1169 3007 1222 3066 per
1244 2997 1341 3046 aucto·

129 3093 188 3132 rem
210 3073 416 3135 Vindiciacum
439 3073 550 3134 arbonis
572 3073 769 3151 genealogica
790 3075 903 3146 Boicse,
933 3093 1039 3152 nempe
1060 3073 1341 3134 Animadversiones

128 3157 245 3224 XXVI.
271 3177 365 3240 usque
386 3160 420 3220 1.
445 3161 536 3220 1734.
574 3158 634 3221 uo.
656 3158 741 3222 codd.
763 3162 845 3220 8437
869 3169 899 3220 et
920 3161 1013 3219 8438.

45 3287 210 3378 scottum.
234 3291 320 3380 812]
345 3295 390 3356 ch.
412 3295 530 3357 XVIII.
554 3296 625 3356 641.
647 3295 667 3356 f.
713 3299 752 3371 1.)
778 3295 950 3355 11-112b.
980 3293 1164 3354 Godofredus
1186 3292 1339 3372 Philippus

130 3379 309 3460 Spannagsl‚
333 3381 483 3460 Excerpta
497 3401 514 3440 e
530 3382 619 3440 variis
634 3380 779 3440 historicis
795 3402 818 3442 s.
835 3381 921 3442 XVI.
936 3383 1083 3459 precipue
1098 3381 1275 3440 Florentinis
1298 3381 1340 3438 uti

130 3467 384 3526 sBartholomaso
406 3467 580 3538 Cerretano,
609 3466 781 3526 Bernhardo
804 3467 918 3544 Segni..
939 3467 1100 3526 Benedicto
1123 3465 1246 3538 varchi,
1279 3463 1341 3524 Sci·

128 3553 215 3630 picne
229 3553 397 3625 Ammirati
419 3552 560 3613 Iohanne
574 3552 708 3632 Baptista
723 3551 846 3611 Adriani
861 3565 916 3612 etc.
961 3553 1003 3628 2.)
1018 3551 1232 3610 nameus.
1248 3549 1339 3625 Idem,

128 3637 262 3716 Disjecta
283 3638 416 3698 membra
436 3657 492 3698 nec
513 3658 572 3697 non
594 3641 694 3716 primm
716 3639 803 3698 linem
825 3645 855 3697 et
877 3645 1015 3716 excerpta
1036 3657 1088 3715 pro
1110 3638 1200 3696 variis
1220 3635 1257 3694 ab
1273 3655 1339 3694 auc·

131 3731 192 3783 tore
219 3724 360 3804 operibus
389 3723 550 3784 condendis
572 3726 615 3782 uti
636 3724 871 3803 Responsionum
895 3724 931 3782 ad
955 3725 1076 3804 quaesita
1097 3721 1270 3782 nobilissimi
1292 3741 1339 3780 cu·

128 3807 240 3868 medam
261 3811 381 3887 juvenis
405 3809 443 3870 de
465 3809 608 3888 capitibus
626 3809 702 3888 juris
724 3809 835 3890 publici
858 3809 886 3868 8.
911 3809 946 3870 R.
968 3809 1137 3888 Imperiis
1163 3809 1260 3880 17273
1291 3807 1340 3866 In-

128 3897 312 3954 stitutionum
339 3895 557 3969 historicarum
590 3895 729 3955 Historiae
752 3895 850 3955 Caroli
865 3895 918 3957 VI.
942 3903 996 3956 etc.
1020 3913 1085 3974 quas
1110 3894 1209 3952 omniu
1235 3892 1340 3952 mirum

129 3979 158 4038 in
178 3979 301 4042 modum
323 3983 469 4060 permixta
489 3981 596 4061 partim
618 3980 655 4040 ab
677 3989 795 4040 auctore
817 3981 934 4060 scripta,
958 3989 1096 4052 correcta,
1125 3977 1231 4055 deleta,
1254 3987 1341 4038 aucta

130 4075 184 4128 etc.
205 4069 395 4146 interspersis
418 4066 604 4128 collectaneis
627 4075 657 4127 ct
678 4067 853 4127 adversariis
879 4065 969 4146 plane
996 4064 1196 4126 differentibus
1218 4072 1340 4124 scatent.

43 4185 210 4274 tutamen.
235 4192 320 4276 812]
349 4195 394 4257 81].
422 4195 541 4256 XVIII.
567 4195 723 4255 fasciculus
751 4216 775 4254 c.
799 4197 870 4256 300.
898 4195 918 4256 f.
973 4193 1158 4254 Godofredus
1186 4191 1340 4271 Philippus

130 4279 310 4358 Spannageh
331 4281 482 4360 Excerpts
503 4290 533 4340 et
554 4282 725 4342 miscellana
746 4283 853 4360 partim
870 4283 940 4357 jura
960 4280 1081 4360 Imperii
1103 4281 1134 4338 in
1155 4279 1253 4358 Italia,
1275 4299 1340 4356 par·

129 4365 179 4424 tim
201 4367 414 4445 pragmaticam
436 4370 479 4425 sic
500 4367 607 4426 dictam
630 4369 812 4426 sanctionem
835 4366 933 4426 Caroli
948 4366 1000 4426 VI.
1024 4367 1213 4444 Imperatoris
1234 4365 1341 4443 partim

129 4454 346 4512 successionem
367 4453 554 4512 Austriacam
577 4463 632 4514 etc.
655 4454 869 4514 concernentia.

43 4567 119 4636 8.566
132 4575 210 4658 [Bac.
234 4577 319 4662 812]
348 4580 393 4642 ch.
421 4580 539 4640 XVIII.
566 4580 724 4640 fasciculus
751 4599 776 4641 8.
799 4581 870 4641 250.
899 4579 918 4638 f.
973 4577 1158 4638 Godofredus
1185 4575 1340 4654 Philippus

130 4661 316 4743 Spanuagel‚
343 4656 638 4726 ‘Commentariorum
660 4666 698 4726 sd
721 4664 820 4726 Caroli
840 4665 893 4726 Vl.
916 4666 1104 4744 Imperatoris
1130 4664 1221 4722 uitam
1244 4671 1273 4722 et
1294 4679 1341 4722 res

1081 4767 1140 4824 17*
