3304 5438
917 463 981 533 lou
1350 464 1565 526 sem-scos

398 677 487 737 super
509 655 620 716 obitum
642 657 835 737 Leopoldinae
857 647 968 718 Mariae'
995 657 1176 719 Ferdinandi
1198 657 1254 718 III.
1277 658 1474 737 Imperatoris
1497 655 1602 714 uxoris

398 743 511 823 Incip.:
530 734 592 802 ‘Sic
614 743 744 803 humana
766 745 869 818 fluunt,
892 746 1051 805 miscentur
1066 747 1162 804 tristis
1176 736 1310 806 latis...'
1336 744 1444 824 Expl.:
1468 731 1512 802 ‘O
1527 760 1603 800 sane

373 838 458 888 'tum
480 829 596 909 imperii
619 828 727 911 Caput,
751 851 767 889 ο
790 831 944 891 mitissime
967 821 1082 892 Caesar}
1128 828 1233 891 Chmel
1254 831 1279 902 I,
1303 830 1417 893 XCVI.

293 939 515 1023 9901.[Philol.
540 939 623 1023 371]
646 941 691 1003 ch.
713 942 799 1004 XVI.
824 946 870 1002 ll.
894 944 944 1002 4⁰.
990 941 1094 1003 Petrus
1117 941 1208 1016 walt,
1230 943 1336 1022 Elegio
1358 951 1389 1002 et
1413 943 1474 1004 ode
1498 941 1605 1002 dicolos

396 1026 563 1106 distrophos
585 1028 615 1086 in
637 1027 675 1090 D.
691 1027 729 1089 N.
748 1029 780 1092 J.
798 1027 852 1088 ch.
876 1028 1004 1088 natalem
1027 1029 1104 1088 diem
1128 1027 1278 1090 archiduci
1301 1028 1439 1089 Matthias
1463 1029 1604 1110 postenI

394 1113 570 1192 Imperatori
595 1113 710 1173 dicatus.
758 1115 863 1194 Elegia
890 1115 996 1193 incip:
1029 1104 1201 1195 ‘Postquam
1227 1115 1305 1176 hunc
1330 1117 1504 1176 omnisator
1529 1135 1604 1176 suero

396 1218 532 1258 sermone
554 1191 723 1261 creavit...’
755 1201 795 1261 Et
810 1200 905 1280 erpi:
926 1190 1062 1282 ‘Paxque
1076 1201 1186 1260 homini
1209 1201 1239 1261 in
1254 1202 1338 1261 terris
1358 1203 1411 1261 cui
1433 1201 1520 1263 bene
1534 1201 1604 1262 veiis

399 1283 515 1364 placet!
546 1284 613 1346 Ode
635 1286 742 1366 incip:
762 1277 861 1347 ‘Nunc
881 1285 1001 1366 rapidus
1025 1299 1139 1347 vastum
1163 1289 1331 1368 peragravit
1352 1287 1495 1348 Phoebns
1518 1289 1603 1366 olyn-

397 1391 482 1450 pum.
497 1419 504 1434 .
517 1361 539 1434 .'
562 1371 602 1430 Et
623 1373 717 1452 expl.:
735 1364 822 1434 ‘Goeli
845 1381 874 1434 et
896 1373 1026 1432 fruemur
1046 1367 1179 1452 gaudiis?
1204 1373 1342 1454 Sequitur
1363 1375 1530 1434 oraculum
1551 1374 1605 1434 eet

397 1457 515 1536 phicum
542 1479 638 1537 grsece
663 1458 756 1519 tribus
781 1459 915 1520 versibus
941 1468 1109 1520 contentum
1138 1479 1204 1520 cum
1230 1460 1483 1539 interpretatione
1510 1461 1603 1520 latina

291 1568 382 1630 9902.
396 1565 515 1652 [Philol.
532 1568 615 1652 372]
639 1569 683 1629 ch.
700 1569 785 1632 XVI.
811 1572 838 1630 7.
862 1571 912 1632 40.
952 1571 1129 1632 Laurentius
1152 1570 1242 1650 Span,
1262 1563 1603 1652 tI'ertlinandopyrgurn’

393 1655 413 1716 i.
436 1675 461 1718 e.
484 1656 652 1736 Descriptio
674 1657 797 1716 metrica
829 1657 931 1736 palatii
954 1665 984 1717 et
1006 1657 1137 1718 viridarii
1166 1658 1203 1717 ab
1229 1657 1388 1717 archiduce
1412 1658 1604 1719 Ferdinando

392 1761 452 1801 non
479 1743 581 1822 procul
607 1741 644 1802 ab
670 1742 743 1802 urbe
768 1743 866 1821 Prsga
892 1745 1061 1806 constructi.
1105 1744 1219 1823 Inoip.:
1245 1734 1429 1803 ‘Scribimus
1460 1745 1604 1822 insignem

391 1827 481 1887 variis
504 1828 654 1930 orrqatibus
678 1829 792 1888 hortum
807 1877 813 1891 .
828 1878 834 1891 .
849 1820 867 1890 .'
918 1830 1021 1910 Epr:
1040 1821 1315 1910 ‘Ferdnendopyrgi
1337 1830 1468 1908 longum
1494 1831 1604 1890 dantis

395 1934 425 1973 ιιι
448 1934 552 1978 aevum.

289 2035 380 2096 scos.
394 2032 616 2119 [ceruices]
650 2035 695 2098 u.
717 2036 803 2097 xvr.
841 2037 891 2099 sc.
923 2033 973 2098 40.
1016 2036 1149 2098 Jssouus
1172 2036 1283 2108 usus,
1311 2005 1551 2115 sprgrsmmm
1574 2035 1604 2094 ss

392 2123 531 2201 passione
557 2130 586 2182 et
612 2124 824 2183 resurrectione
850 2121 888 2184 D.
917 2121 955 2184 N.
978 2123 1010 2185 J.
1039 2121 1093 2185 Oh.
1118 2123 1248 2183 carmine
1272 2121 1408 2199 elegiaco
1438 2123 1604 2202 conscript·

393 2216 422 2267 et
445 2206 595 2268 archiduci
616 2209 806 2269 Ferdinendo
828 2209 996 2268 Teriolensi
1029 2208 1126 2268 dicate
1154 2229 1180 2271 a.
1206 2210 1296 2270 1578.
1334 2207 1478 2271 Primum
1503 2211 1604 2288 incip:

392 2287 482 2354 ‘Vere
504 2294 557 2354 tibi
579 2295 669 2354 fundo
691 2304 782 2373 grette
803 2295 951 2374 praeconia
973 2296 1099 2355 mentis.
1120 2343 1126 2356 .
1146 2284 1166 2355 .'
1205 2293 1245 2354 Et
1267 2293 1361 2397 expl.:
1381 2285 1478 2353 ‘Hoc
1507 2308 1539 2355 te
1559 2315 1604 2374 per

390 2380 490 2440 lateris
513 2380 644 2455 vulnera,
671 2389 782 2453 sancte,
809 2374 928 2460 precor.'
967 2381 1152 2441 Postremum
1173 2381 1278 2458 incip:
1314 2379 1399 2440 Hinc
1423 2382 1523 2440 etiam
1546 2401 1603 2461 spo

391 2465 463 2526 lium
486 2486 650 2548 censusque
672 2488 710 2526 ex
731 2467 816 2527 hoste
838 2460 1031 2548 receptos...'
1055 2467 1094 2526 et
1109 2465 1204 2547 epr:
1227 2459 1359 2545 ‘Ingruat
1384 2475 1417 2526 et
1438 2465 1541 2527 finem
1561 2467 1604 2526 det

392 2553 583 2634 requiemque
608 2547 710 2616 malis.’

284 2673 376 2734 9904.
391 2669 471 2754 [Rec.
498 2669 599 2760 1859]
634 2673 677 2736 oh.
700 2673 801 2735 XVII.
834 2675 884 2735 31.
916 2674 966 2735 4⁰.
1021 2671 1189 2732 Fridericus
1215 2671 1334 2750 Fugger
1357 2671 1440 2732 liber
1473 2673 1550 2734 baro
1579 2675 1603 2731 in

387 2759 554 2839 Kirchberg
576 2771 605 2821 et
626 2759 854 2840 Weissenborn,
877 2759 1004 2819 Phrases
1027 2767 1058 2818 et
1078 2757 1235 2839 proverbia
1256 2757 1356 2818 italica
1379 2758 1538 2836 collecta,
1560 2759 1602 2818 sd-

386 2846 467 2924 jeota
488 2847 692 2907 nonnullorum
716 2847 851 2906 versione
871 2845 1032 2926 hispanica.

282 2964 505 3048 9905.[Phi101.
526 2965 615 3050 985]
638 2967 684 3026 ch.
699 2967 784 3028 XVI.
819 2968 867 3026 94.
895 2969 944 3027 40.
989 2963 1104 3044 Gsspar
1126 2963 1233 3042 Fuchs,
1258 2964 1367 3025 Poems
1390 2969 1601 3046 germanicum

387 3052 425 3112 de
446 3053 584 3133 passione
606 3062 636 3114 et
657 3062 750 3112 morte
772 3053 810 3114 D.
833 3052 871 3112 N.
893 3051 924 3112 J.
949 3049 1003 3112 eh.
1027 3051 1065 3110 ad
1087 3049 1317 3110 archiduoisssm
1340 3052 1471 3113 Annam
1501 3053 1601 3114 cous

386 3139 489 3200 ninom.
526 3140 633 3218 Incip.:
652 3133 804 3199 ‘Batracht
826 3159 843 3197 0
865 3136 989 3200 Mensch
1012 3137 1060 3196 dio
1081 3135 1183 3214 grosse
1205 3136 1279 3196 Not.
1294 3129 1335 3200 ..'
1374 3139 1497 3218 Expl.:
1519 3130 1602 3199 ‘Daue

387 3227 490 3284 immer
512 3225 649 3286 wehrond
672 3227 748 3304 eucig
770 3213 875 3286 leben.'

281 3345 476 3430 escefflist.
491 3346 564 3427 prof.
581 3344 663 3428 946]
688 3346 733 3406 ch.
753 3345 839 3407 XVI.
863 3345 914 3406 32.
939 3345 988 3405 4⁰.
1035 3343 1149 3423 Caspar
1171 3343 1293 3417 Brusch,
1324 3343 1478 3407 Carmina
1501 3349 1602 3428 partin

386 3453 474 3494 menn
496 3440 617 3496 exursts
638 3433 744 3512 partim
767 3432 847 3512 typis
870 3448 1022 3510 expressa,
1052 3430 1208 3490 videlicet:
1243 3434 1282 3506 1.)
1306 3433 1383 3489 1¹—
1397 3433 1474 3494 14⁰.
1501 3433 1601 3494 Grati

352 3539 353 3542 ¹
385 3520 521 3580 latorium
544 3539 660 3579 carmen
683 3517 847 3597 elegiacum
871 3517 901 3576 in
924 3516 1119 3576 Maximilisni
1142 3515 1292 3576 Bohemiae
1313 3518 1395 3596 regie
1418 3522 1554 3598 (postea
1567 3518 1601 3578 II

384 3601 587 3686 Imperatoris)
613 3624 651 3666 ex
674 3605 828 3684 Hispaniis
850 3603 975 3662 reditum
1003 3611 1032 3661 et
1061 3600 1242 3662 Fordiuendi
1277 3603 1444 3682 (posteaL
1473 3607 1601 3686 Impee

385 3693 469 3769 toris)
491 3691 529 3752 ad
552 3693 729 3769 Augustanus
752 3691 870 3749 comitia
891 3689 1061 3750 adventum.
1091 3687 1200 3768 Incip.:
1219 3680 1344 3749 ‘Mensis
1366 3699 1435 3750 srst
1460 3694 1539 3752 noni
1557 3691 1601 3772 qni

385 3781 504 3838 nomine
526 3778 665 3858 praeditns
688 3775 803 3839 imbris.
818 3822 824 3836 .
839 3766 860 3834 .'
899 3773 1001 3853 Epr:
1031 3765 1118 3849 ‘Qum
1139 3775 1228 3835 nullis
1258 3775 1346 3834 seclis
1375 3784 1423 3836 est
1448 3781 1600 3841 moritum.

386 3856 471 3926 vale?
507 3865 548 3942 2.)
575 3866 634 3925 15¹.
657 3861 705 3922 De
727 3861 813 3924 domo
829 3860 986 3920 Austriscs
1008 3860 1188 3922 vaticinium.
1220 3860 1273 3920 150
1293 3871 1390 3924 vacat.
1423 3859 1477 3944 3.)
1506 3867 1601 3923 16·-

388 3953 450 4010 25⁸.
464 3941 517 4010 ‘In
534 3949 634 4009 Caroli
649 3949 686 4010 V.
703 3954 734 4007 et
746 3945 927 4006 Fordincndi
948 3947 1026 4023 regis
1041 3945 1191 4006 Bohemiae
1213 3947 1329 4025 (postea
1340 3947 1366 4008 I.
1390 3947 1600 4027 Imperatoris)

386 4037 507 4096 frenum
541 4035 682 4096 honorem
716 4031 931 4094 schediasmate
962 4032 1171 4092 encomiastica
1209 4029 1290 4114 (qum
1322 4041 1393 4094 sunt
1427 4034 1598 4114 impressa).

385 4124 426 4199 4.)
460 4119 636 4185 26⁸-33⁰.
672 4119 897 4180 Schedissmats
918 4117 1144 4192 encomiastica‚
1173 4126 1239 4198 quai
1269 4116 1325 4178 sub
1348 4119 1391 4195 3.)
1414 4121 1600 4198 praeeunt,

383 4209 552 4287 germanice
574 4227 660 4268 versa
684 4207 762 4286 (qua
786 4204 886 4264 itidem
909 4211 976 4262 sunt
999 4201 1165 4286 impressa).

281 4329 372 4390 9907.
389 4321 479 4413 [Hist.
494 4327 568 4409 prof.
591 4321 677 4414 945]
701 4325 747 4387 ch.
761 4323 847 4386 XVI.
873 4323 921 4383 33.
945 4324 995 4384 4⁰.
1040 4320 1154 4403 Oespar
1176 4323 1300 4400 Brocch,
1325 4322 1473 4384 Carmina
1496 4329 1599 4407 partin

386 4435 474 4474 manu
497 4425 618 4475 exarata
639 4413 745 4495 partim
767 4412 847 4492 typis
870 4427 1012 4490 expresse
1033 4416 1089 4470 etc.
1127 4409 1233 4470 Altera
1254 4410 1394 4490 exemplo
1416 4430 1550 4490 opernm
1572 4414 1599 4470 in

387 4500 468 4559 9906
492 4509 703 4561 contentorum.

280 4621 372 4683 0008.
385 4618 474 4704 [Hist.
490 4621 562 4701 prof.
579 4615 662 4706 942]
687 4619 731 4681 ch.
746 4617 849 4681 XVII.
871 4617 920 4679 69.
942 4615 992 4676 4⁰.
1017 4613 1171 4676 Gotfridus
1194 4613 1289 4687 etich,
1313 4615 1458 4676 Carmina
1483 4618 1599 4702 aliaque

387 4707 496 4788 scripta
510 4709 617 4789 partIm
632 4708 724 4768 latmo
737 4707 843 4787 partim
858 4704 1027 4788 germanica
1048 4701 1188 4764 derebus
1205 4712 1339 4782 tempore
1352 4701 1547 4766 Fordinandi
1561 4704 1598 4766 II.
