3320 5438
147 439 234 498 9977
729 435 788 504 llll

215 627 317 709 bueus,
342 625 469 688 Carmen
486 618 800 730 hendecasyllabum
808 627 845 687 de
866 629 977 707 nuptiis
993 627 1033 688 D
1049 629 1227 705 Stotzingeri
1247 628 1321 687 aulas
1337 629 1430 690 archi·

217 716 324 774 ducum
344 705 494 815 preelecti?
534 715 646 793 Incip:
672 706 815 824 Νιιιιιὶιιι
840 713 1022 774 celebramus
1046 713 1268 792 expetitas...
1273 705 1430 793 ’Expl.·

215 793 287 860 ‘Sed
311 802 371 860 scio
395 797 801 880 ιιιι1ι1711ιιιιιιιιιιιοιιιι.7
826 801 997 860 26¹³vacat.
1032 799 1097 880 40.)
1122 799 1205 858 277.
1229 799 1322 881 Idem,
1345 801 1430 862 Varii

216 887 272 946 loci
294 887 506 947 Demosthenis
541 897 570 944 et
597 885 732 966 Polybii,
766 906 840 965 qnos
870 906 908 945 ex
930 887 1026 946 veteri
1055 886 1156 944 codice
1179 885 1329 946 restitutos
1353 907 1430 948 com·

216 973 380 1031 mnnrcavrt
393 971 481 1032 Petro
498 973 640 1032 Victorio.
676 975 740 1048 41.)
764 973 818 1032 287
825 974 942 1033 -297,
958 972 1051 1043 Idem,
1068 972 1194 1031 Carmen
1210 972 1431 1050 genethliacum

217 1059 252 1120 ad
277 1057 499 1118 Fordinondum
522 1059 616 1118 filium
639 1058 807 1118 archiducis
831 1057 939 1120 Caroli.
970 1057 1079 1138 Incip:
1095 1049 1185 1117 Orte
1208 1058 1262 1117 deo
1285 1071 1431 1164 prognata

217 1145 274 1204 dea
295 1153 433 1224 suscepte
456 1135 643 1223 soloque...’
666 1144 773 1223 ΕιιιιΙ..
796 1141 947 1223 ‘Accipies
971 1143 1083 1224 aliquid
1106 1145 1200 1220 majus
1217 1154 1246 1202 et
1261 1138 1429 1224 egregium?

216 1233 280 1304 42.)
304 1233 371 1292 307.
406 1230 500 1302 Idem,
529 1230 638 1290 Preces
668 1230 705 1308 sd
730 1229 881 1290 Christum
910 1250 964 1310 pro
988 1230 1090 1289 eodem
1114 1229 1273 1289 archiduce
1295 1233 1430 1294 versibus

218 1316 478 1422 hendecasyllabis
495 1327 655 1393 conceptae
679 1317 792 1391 Incip..
807 1307 929 1395 ‘Sospes
946 1327 975 1374 et
994 1315 1184 1374 moderator
1175 1325 1417 1378 innocentum.

215 1403 320 1482 Expl:
342 1395 506 1483 ‘Quidquid
529 1403 660 1462 muneris
682 1411 751 1462 ante
767 1403 937 1462 contulisti)
960 1401 1020 1460 307
1035 1411 1131 1461 vacat.
1156 1403 1220 1480 43.)
1244 1403 1310 1462 31.
1334 1404 1428 1477 Idem,

216 1489 409 1569 Epitaphium
432 1509 560 1568 gracum
584 1488 767 1548 Fordinandi
791 1488 926 1549 Caesaris.
957 1487 1067 1567 Incip:
1096 1479 1318 1566 Ἁυτοκρατιυρ
1342 1489 1431 1568 ἡμῶν

215 1573 426 1652 Φερδνάνδοσ
448 1572 667 1651 ἀποίχετο...
675 1573 818 1652 ’Expln
845 1564 938 1637 7Φιυσ
958 1571 1045 1636 ἵνα.
1081 1572 1235 1637 ..'uuldv
1258 1575 1313 1633 31b
1334 1583 1430 1638 vacat.

215 1659 283 1742 44.)
315 1663 400 1722 327.
365 1661 391 1698 77
433 1661 527 1732 Idem,
561 1620 706 1719 Tumulus
735 1660 853 1720 Ursulae
880 1661 1028 1718 'I'urzonis
1057 1659 1190 1736 conjugis
1217 1661 1331 1720 comitis
1353 1661 1430 1722 Julti

216 1738 689 1827 Salmensis.1ncip.:‘Ursula
721 1745 860 1805 connubii
891 1757 921 1805 et
948 1745 1039 1805 decus
1062 1745 1229 1805 immortale
1250 1747 1391 1808 mariti..

215 1833 325 1912 Expl:
344 1824 491 1934 Quisque
514 1841 603 1913 eaput
625 1833 735 1892 reserat
761 1831 873 1890 lumina
896 1833 963 1890 luce
986 1823 1074 1891 beat‘
1097 1834 1160 1908 45.)
1185 1833 1247 1892 337.
1270 1796 1430 1911 Fragmen-

215 1929 277 1978 tum
307 1921 444 1979 carminis
471 1919 592 1980 heroici.
630 1919 744 1996 Incip:
775 1909 919 1977 ‘'Lutea
905 1939 969 1996 Jam
992 1917 1101 2024 primos
1124 1917 1231 1976 tollens
1254 1938 1360 1978 aurora
1386 1921 1429 1980 iu·

215 1997 372 2084 galee...'
407 2005 514 2082 Expl:
536 1997 693 2064 ‘renovent
715 2013 748 2064 ut
768 2005 834 2062 visa
856 1997 1008 2064 dolorem)
1043 2003 1098 2062 337
1117 2011 1211 2062 vacat.
1248 2005 1302 2062 347
1319 2006 1430 2066 Tenta-

214 2093 297 2150 mina
313 2091 427 2150 calami.
451 2087 518 2175 46.)
543 2092 611 2152 347.
634 2091 847 2194 Fragmentum
865 2089 983 2190 eclogas.
1010 2089 1122 2168 Incip..
1132 2082 1190 2148 ‘Ite
1213 2091 1300 2152 simul
1314 2111 1430 2152 mecum

215 2179 315 2236 tristes
339 2177 426 2237 simul
448 2179 490 2237 ite
513 2169 706 2256 capella..)
745 2177 852 2252 ΕιιιιΙ..
874 2166 1086 2235 7Ειοιᾶοιιιιιι
1109 2177 1199 2236 etiam
1222 2175 1349 2236 deerunt
1359 2198 1427 2257 pas

216 2265 352 2323 centibus
374 2256 468 2323 ulmi’
496 2260 562 2344 47.)
585 2264 654 2323 357
684 2261 806 2322 Gabriel
829 2261 951 2320 Altilius
974 2262 1123 2332 Lucanus,
1148 2262 1260 2340 Elegia
1282 2262 1428 2368 fragmen·

216 2357 278 2408 tum
301 2351 450 2428 inscripta
471 2339 657 2410 ‘Somnium'
686 2347 795 2426 Incip:
818 2339 920 2407 ‘Forte
941 2345 1173 2409 relucebant...
1182 2346 1331 2429 '.:Expl
1354 2345 1429 2428 ‘por-

215 2445 307 2515 taque
329 2435 452 2496 lallsces
475 2435 586 2494 claudit
609 2433 722 2492 eburna
743 2425 830 2493 loris’
873 2429 938 2514 46.)
968 2434 1034 2494 357.
1066 2433 1159 2502 Idem,
1189 2433 1301 2494 Eadem
1333 2435 1430 2512 elegia

213 2521 301 2581 aliter
323 2521 486 2600 composita
508 2529 539 2580 et
562 2521 651 2579 etlam
675 2521 856 2624 imperfecta.
887 2520 1000 2595 Incip:
1022 2510 1101 2577 ‘Nox
1117 2527 1181 2577 erat
1206 2528 1236 2578 et
1257 2521 1352 2579 vario
1348 2521 1427 2581 lucis

213 2608 347 2666 coniecta
370 2606 561 2667 laborum...
570 2599 706 2685 '.:Expl
729 2597 780 2666 ‘Ut
804 2614 904 2663 nostra
927 2604 1094 2683 intrepidus
1117 2613 1209 2664 staret
1232 2605 1269 2664 ab
1292 2615 1413 2669 arte...

213 2692 278 2771 49.)
298 2692 662 2770 3677.,Ι(1οιιΕ1ιιιιιιιι
678 2693 781 2752 funere
796 2691 913 2750 Lidami
930 2691 1047 2750 sodalis.
1075 2691 1186 2768 Incip:
1202 2682 1292 2766 ‘Quid
1308 2693 1428 2772 prodest

211 2781 291 2838 votis
314 2799 380 2838 aras
403 2779 528 2882 implere
551 2779 730 2840 deorum...
737 2769 879 2852 '.:lepl
903 2769 1089 2836 ‘Extremum
1112 2775 1169 2835 hoc
1191 2797 1209 2834 a
1232 2797 1281 2838 me
1302 2777 1428 2838 Lidame

211 2885 319 2924 munus
341 2857 439 2926 habe)
469 2864 528 2925 377
543 2873 640 2924 vacat.
678 2865 744 2936 50.)
774 2865 842 2924 387.
873 2862 1084 2939 Fragmentum
1116 2861 1219 2941 elegiae
1250 2875 1374 2941 epatre
1397 2865 1428 2925 in

212 2951 333 3010 vincula
360 2953 523 3051 conjectae.
561 2950 672 3026 Incip:
698 2939 844 3026 ‘Perlegis
873 2968 910 3006 an
934 2950 1035 3008 stricto
1058 2947 1219 3052 prohibet
1217 2969 1357 3010 mucrone
1382 2971 1428 3010 sa·

211 3037 355 3098 telles...
361 3030 499 3117 Ἐ.ιιιι]
514 3027 674 3114 Cogimur
696 3047 785 3114 atque
809 3035 866 3110 ipsi
882 3037 941 3093 sint
964 3036 1109 3111 placitura
1123 3026 1219 3138 patri.'
1244 3037 1282 3094 51
1288 3033 1310 3118 .)
1326 3037 1379 3096 397
1384 3073 1427 3084 -

210 3125 276 3184 407.
300 3085 422 3183 Gabriel
448 3123 568 3182 Altilius
591 3123 741 3192 Lucanus,
764 3121 871 3198 Elegia
888 3111 938 3180 de
961 3141 1038 3180 novo
1062 3140 1170 3180 amore.
1170 3112 1313 3222 'Incip..
1335 3112 1427 3184 ‘Ecce

209 3210 317 3268 iterum
340 3229 454 3268 vesana
475 3217 576 3268 movet
598 3208 677 3267 ferus
702 3227 783 3265 arma
807 3199 994 3284 Cupido...'
1030 3207 1137 3282 ΕιιιΙ.Ι
1172 3197 1307 3268 ‘munera
1332 3229 1428 3309 parua

209 3315 313 3354 mea.
426 3284 526 3353 ’52
529 3295 551 3371 .)
585 3293 655 3358 407
687 3293 899 3394 Sragmentnm
923 3293 1144 3405 epigrammatis
1166 3294 1288 3352 italici'
1281 3295 1427 3374 incipiens

204 3373 261 3440 ‘Se
283 3382 321 3440 ru’
328 3381 387 3440 ami
410 3391 440 3441 et
461 3401 493 3441 se
515 3400 574 3439 non
598 3378 636 3437 m'
646 3379 706 3438 anri
726 3381 760 3456 ja
782 3378 799 3438 b
821 3377 951 3458 papato.’
983 3381 1043 3453 53.)
1074 3383 1136 3439 41.
1161 3377 1282 3440 Gabriel
1307 3379 1427 3440 Altilius

208 3467 359 3538 Lucanus,
383 3467 489 3544 Elegia
508 3459 559 3526 ‘ad
583 3465 726 3524 Phebiam
750 3465 788 3524 de
811 3465 944 3542 ejusdem
967 3457 1171 3524 inconstantia’
1196 3465 1261 3532 sub.
1284 3461 1328 3548 4.)
1351 3487 1424 3545 praa-

209 3553 329 3623 cedens,
354 3572 442 3634 quom
466 3553 552 3612 hoc
544 3571 577 3611 ιι
601 3551 791 3628 exemp.loJ
817 3551 982 3610 Sambucns
1005 3550 1108 3608 tribuit
1129 3549 1240 3610 Molsae.
1273 3553 1334 3626 54.)
1356 3552 1425 3614 417.

208 3639 305 3708 Idem,
336 3639 473 3716 Carmen,
496 3657 554 3718 quo
577 3645 664 3716 poete
683 3630 856 3716 ‘alloquitur
878 3638 1005 3696 amicum
1025 3635 1158 3712 Capuam
1171 3627 1426 3716 proficiscentem,

208 3725 321 3806 quod
308 3745 372 3800 Jam
395 3725 450 3783 sub
473 3721 517 3804 6.)
541 3723 688 3802 praecedit
721 3719 786 3805 55.)
810 3725 879 3784 417.
903 3723 996 3794 Idem,
1020 3721 1069 3780 Ad
1086 3742 1210 3780 amicum
1234 3723 1285 3802 qui
1306 3731 1427 3802 propter

208 3813 333 3870 formam
357 3811 495 3869 simulata
517 3809 738 3888 propinguitate
761 3810 868 3886 puellis
891 3809 1016 3888 potitur,
1051 3807 1128 3886 quod
1152 3828 1270 3867 carmen
1288 3809 1350 3885 jam
1371 3809 1425 3868 sub

211 3897 259 3978 9.)
281 3898 458 3956 recensitum
482 3903 535 3955 est.
582 3897 646 3964 56.)
677 3894 777 3953 41¹²—
787 3897 850 3953 427.
880 3895 975 3972 Idem,
1000 3893 1047 3952 Ad
1067 3893 1185 3952 laudem
1207 3894 1426 3954 formosissImce

209 3982 320 4059 puellm
335 3983 526 4062 Hippolytes,
550 3981 758 4060 quoeelegia'
745 4001 807 4056 Jam
825 3980 880 4038 sub
899 3982 958 4054 10.)
982 3979 1132 4054 precedit.
1170 3977 1424 4060 57.)7.427-43

207 4068 306 4138 Idem,
340 4069 456 4145 Elegia,
486 4087 545 4148 qna
567 4074 656 4144 potita
679 4061 846 4147 ‘profitetur
868 4086 901 4124 se
924 4067 1064 4123 rusticam
1086 4067 1178 4122 vitam
1201 4065 1322 4125 urbana:
1344 4075 1425 4126 ante-

206 4157 289 4214 ferre
310 4163 466 4234 postquam
489 4151 614 4211 Phorbia
636 4175 704 4212 rure
728 4153 824 4230 degit,
852 4151 932 4231 quod
956 4171 1074 4210 carmen
1093 4153 1156 4227 jam
1185 4151 1240 4210 sub
1265 4148 1328 4233 12.)
1352 4173 1426 4232 prae-

206 4240 299 4301 cedit.
340 4242 402 4315 58.)
430 4240 500 4300 437.
528 4239 622 4313 Idem,
656 4239 763 4315 Elegia
793 4239 863 4296 dum
887 4237 1054 4296 discederet
1076 4236 1243 4315 Neapoli
1235 4257 1265 4296 m
1287 4239 1423 4318 patriam,

206 4327 295 4385 cuius
323 4326 427 4406 elegiae
455 4327 536 4404 prius
566 4327 735 4405 exemplum
768 4323 822 4382 sub
846 4327 887 4396 6.)
916 4321 1016 4383 habes.
1055 4319 1120 4400 59.)
1144 4325 1200 4381 437
1221 4336 1250 4382 et
1273 4323 1342 4382 427.
1375 4325 1425 4384 Ad

205 4413 363 4472 Sanctium
386 4411 518 4472 sodalem
541 4431 660 4470 carmen
685 4409 1000 4487 hendecasyllabnm'
987 4429 1051 4486 Jam
1074 4409 1128 4468 sub
1143 4411 1205 4487 21.)
1230 4412 1422 4488 premissum.

206 4495 278 4580 60)
301 4500 364 4558 447.
388 4499 582 4578 Epigramma
604 4505 636 4555 ut
658 4497 777 4556 videtur
792 4495 919 4554 Ponteni
943 4495 1093 4567 demetra,
1119 4515 1184 4576 quae
1206 4495 1349 4576 gemellos
1372 4516 1424 4575 pa-

204 4585 289 4644 riens
318 4593 434 4644 mortua
469 4591 522 4642 est.
568 4583 678 4661 incip:
705 4573 757 4640 ‘In
779 4583 842 4640 vita
869 4581 991 4680 eripior,
1027 4601 1085 4640 non
1114 4581 1192 4662 quod
1226 4602 1274 4641 me
1306 4582 1423 4658 longius

205 4679 367 4746 optem...
369 4661 509 4746 ’.:Idxpl
536 4661 659 4729 ‘Vivere
682 4687 730 4728 me
752 4669 869 4746 gemino
891 4669 1014 4746 pignore
1038 4675 1135 4727 certus
1158 4661 1233 4729 eris?
1273 4666 1337 4753 61.)
1359 4670 1423 4731 44.
