<?xml version="1.0" encoding="UTF-8"?>
<!DOCTYPE html PUBLIC "-//W3C//DTD XHTML 1.0 Transitional//EN"
    "http://www.w3.org/TR/xhtml1/DTD/xhtml1-transitional.dtd">
<html xmlns="http://www.w3.org/1999/xhtml" xml:lang="en" lang="en">
 <head>
  <title>
</title>
<meta http-equiv="Content-Type" content="text/html;charset=utf-8" />
  <meta name='ocr-system' content='tesseract 3.04.00' />
  <meta name='ocr-capabilities' content='ocr_page ocr_carea ocr_par ocr_line ocrx_word'/>
</head>
<body>
  <div class='ocr_page' id='page_1' title='image "./tabulaecodicumm01natigoog_0599.png"; bbox 0 0 3304 5438; ppageno 0'>
   <div class='ocr_carea' id='block_1_1' title="bbox 88 456 728 527">
    <p class='ocr_par' dir='ltr' id='par_1_1' title="bbox 88 456 728 527">
     <span class='ocr_line' id='line_1_1' title="bbox 88 456 728 527; baseline 0.003 -2"><span class='ocrx_word' id='word_1_1' title='bbox 88 463 296 525; x_wconf 88' lang='lat'>9908-9918</span> <span class='ocrx_word' id='word_1_2' title='bbox 665 456 728 527; x_wconf 82' lang='grc' dir='ltr'><strong>1οἹ</strong></span> 
     </span>
    </p>
   </div>
   <div class='ocr_carea' id='block_1_2' title="bbox 148 649 1351 819">
    <p class='ocr_par' dir='ltr' id='par_1_2' title="bbox 148 649 1351 819">
     <span class='ocr_line' id='line_1_2' title="bbox 148 649 1351 733; baseline -0.003 -21"><span class='ocrx_word' id='word_1_3' title='bbox 148 653 339 733; x_wconf 89' lang='lat' dir='ltr'><strong>Imperatoris</strong></span> <span class='ocrx_word' id='word_1_4' title='bbox 360 653 461 732; x_wconf 85' lang='lat' dir='ltr'><strong>gestis.</strong></span> <span class='ocrx_word' id='word_1_5' title='bbox 487 650 690 732; x_wconf 85' lang='lat' dir='ltr'><strong>Rhapsodiam</strong></span> <span class='ocrx_word' id='word_1_6' title='bbox 711 650 787 712; x_wconf 87' lang='lat' dir='ltr'><strong>hanc</strong></span> <span class='ocrx_word' id='word_1_7' title='bbox 810 659 911 712; x_wconf 80' lang='lat' dir='ltr'><strong>auctor</strong></span> <span class='ocrx_word' id='word_1_8' title='bbox 933 651 1082 731; x_wconf 78' lang='lat' dir='ltr'><strong>inscripsit</strong></span> <span class='ocrx_word' id='word_1_9' title='bbox 1095 650 1269 731; x_wconf 90' lang='lat' dir='ltr'><strong>Imperatori</strong></span> <span class='ocrx_word' id='word_1_10' title='bbox 1281 649 1351 710; x_wconf 80' lang='lat' dir='ltr'><strong>Fer·</strong></span> 
     </span>
     <span class='ocr_line' id='line_1_3' title="bbox 148 736 1098 819; baseline 0 -20"><span class='ocrx_word' id='word_1_11' title='bbox 148 738 277 800; x_wconf 90' lang='lat' dir='ltr'><strong>dinando</strong></span> <span class='ocrx_word' id='word_1_12' title='bbox 299 758 353 819; x_wconf 89' lang='lat' dir='ltr'><strong>per</strong></span> <span class='ocrx_word' id='word_1_13' title='bbox 376 736 531 818; x_wconf 86' lang='lat' dir='ltr'><strong>epistolam</strong></span> <span class='ocrx_word' id='word_1_14' title='bbox 554 736 584 798; x_wconf 88' lang='lat' dir='ltr'><strong>d.</strong></span> <span class='ocrx_word' id='word_1_15' title='bbox 607 737 635 799; x_wconf 94' lang='lat' dir='ltr'><strong>d.</strong></span> <span class='ocrx_word' id='word_1_16' title='bbox 659 736 781 800; x_wconf 78' lang='lat' dir='ltr'><strong>Gorlioii</strong></span> <span class='ocrx_word' id='word_1_17' title='bbox 806 739 856 802; x_wconf 94' lang='lat'><strong>19.</strong></span> <span class='ocrx_word' id='word_1_18' title='bbox 870 737 984 818; x_wconf 78' lang='lat' dir='ltr'><strong>Aprilis</strong></span> <span class='ocrx_word' id='word_1_19' title='bbox 1008 740 1098 800; x_wconf 86' lang='grc'><strong>1691.</strong></span> 
     </span>
    </p>
   </div>
   <div class='ocr_carea' id='block_1_3' title="bbox 47 844 1352 997">
    <p class='ocr_par' dir='ltr' id='par_1_3' title="bbox 47 844 1352 997">
     <span class='ocr_line' id='line_1_4' title="bbox 47 844 1352 997; baseline -0.005 -85"><span class='ocrx_word' id='word_1_20' title='bbox 47 853 134 913; x_wconf 92' lang='grc'><strong>9909.</strong></span> <span class='ocrx_word' id='word_1_21' title='bbox 126 847 238 997; x_wconf 80' lang='grc' dir='ltr'><strong>.]Η1ιι</strong></span> <span class='ocrx_word' id='word_1_22' title='bbox 261 849 333 929; x_wconf 86' lang='lat' dir='ltr'><strong>prof.</strong></span> <span class='ocrx_word' id='word_1_23' title='bbox 361 844 466 935; x_wconf 85' lang='grc'><strong>1099]</strong></span> <span class='ocrx_word' id='word_1_24' title='bbox 489 870 526 911; x_wconf 91' lang='lat' dir='ltr'><strong>m.</strong></span> <span class='ocrx_word' id='word_1_25' title='bbox 548 849 635 912; x_wconf 88' lang='lat' dir='ltr'>XVI.</span> <span class='ocrx_word' id='word_1_26' title='bbox 660 853 686 912; x_wconf 93' lang='lat'><strong>1.</strong></span> <span class='ocrx_word' id='word_1_27' title='bbox 709 851 761 912; x_wconf 97' lang='lat'><strong>4⁰.</strong></span> <span class='ocrx_word' id='word_1_28' title='bbox 791 851 901 911; x_wconf 87' lang='lat' dir='ltr'><strong>Paulus</strong></span> <span class='ocrx_word' id='word_1_29' title='bbox 924 848 1028 930; x_wconf 88' lang='lat' dir='ltr'><strong>Seller,</strong></span> <span class='ocrx_word' id='word_1_30' title='bbox 1050 847 1215 928; x_wconf 78' lang='lat' dir='ltr'><strong>Epicedion</strong></span> <span class='ocrx_word' id='word_1_31' title='bbox 1237 847 1275 908; x_wconf 91' lang='lat' dir='ltr'><strong>ad</strong></span> <span class='ocrx_word' id='word_1_32' title='bbox 1292 847 1352 907; x_wconf 85' lang='lat' dir='ltr'><strong>Bu-</strong></span> 
     </span>
    </p>
   </div>
   <div class='ocr_carea' id='block_1_4' title="bbox 146 935 1353 1188">
    <p class='ocr_par' dir='ltr' id='par_1_4' title="bbox 146 935 1353 1188">
     <span class='ocr_line' id='line_1_5' title="bbox 167 935 1351 1038; baseline -0.003 -43"><span class='ocrx_word' id='word_1_33' title='bbox 167 936 287 1038; x_wconf 88' lang='lat' dir='ltr'><strong>olphum</strong></span> <span class='ocrx_word' id='word_1_34' title='bbox 316 935 358 996; x_wconf 93' lang='lat' dir='ltr'><strong>II</strong></span> <span class='ocrx_word' id='word_1_35' title='bbox 392 936 603 1015; x_wconf 72' lang='lat' dir='ltr'><strong>Imperatorem</strong></span> <span class='ocrx_word' id='word_1_36' title='bbox 643 937 672 994; x_wconf 92' lang='lat' dir='ltr'><strong>iu</strong></span> <span class='ocrx_word' id='word_1_37' title='bbox 706 936 817 996; x_wconf 90' lang='lat' dir='ltr'><strong>obitum</strong></span> <span class='ocrx_word' id='word_1_38' title='bbox 850 935 1046 996; x_wconf 85' lang='lat' dir='ltr'><strong>Maximiliani</strong></span> <span class='ocrx_word' id='word_1_39' title='bbox 1075 937 1117 998; x_wconf 87' lang='lat' dir='ltr'><strong>II.</strong></span> <span class='ocrx_word' id='word_1_40' title='bbox 1152 935 1351 1036; x_wconf 85' lang='lat' dir='ltr'><strong>Imperatoris.</strong></span> 
     </span>
     <span class='ocr_line' id='line_1_6' title="bbox 146 1010 1353 1103; baseline -0.002 -21"><span class='ocrx_word' id='word_1_41' title='bbox 146 1023 255 1103; x_wconf 85' lang='lat' dir='ltr'><strong>Incip:</strong></span> <span class='ocrx_word' id='word_1_42' title='bbox 273 1013 382 1098; x_wconf 80' lang='lat' dir='ltr'><strong>‘Quam</strong></span> <span class='ocrx_word' id='word_1_43' title='bbox 397 1022 515 1082; x_wconf 81' lang='lat' dir='ltr'><strong>funesta</strong></span> <span class='ocrx_word' id='word_1_44' title='bbox 529 1021 601 1094; x_wconf 89' lang='lat' dir='ltr'><strong>dies,</strong></span> <span class='ocrx_word' id='word_1_45' title='bbox 627 1041 715 1101; x_wconf 91' lang='lat' dir='ltr'><strong>quam</strong></span> <span class='ocrx_word' id='word_1_46' title='bbox 738 1022 928 1084; x_wconf 78' lang='lat' dir='ltr'><strong>lamentabile</strong></span> <span class='ocrx_word' id='word_1_47' title='bbox 942 1013 1092 1084; x_wconf 85' lang='lat' dir='ltr'><strong>latum...&#39;</strong></span> <span class='ocrx_word' id='word_1_48' title='bbox 1119 1021 1227 1100; x_wconf 79' lang='lat' dir='ltr'><strong>Expl.:</strong></span> <span class='ocrx_word' id='word_1_49' title='bbox 1241 1010 1353 1101; x_wconf 80' lang='lat' dir='ltr'><strong>‘Atque</strong></span> 
     </span>
     <span class='ocr_line' id='line_1_7' title="bbox 147 1097 809 1188; baseline -0.002 -20"><span class='ocrx_word' id='word_1_50' title='bbox 147 1121 205 1168; x_wconf 81' lang='lat' dir='ltr'><strong>tue</strong></span> <span class='ocrx_word' id='word_1_51' title='bbox 226 1107 296 1168; x_wconf 86' lang='lat' dir='ltr'><strong>fidei</strong></span> <span class='ocrx_word' id='word_1_52' title='bbox 318 1127 365 1168; x_wconf 89' lang='lat' dir='ltr'><strong>me</strong></span> <span class='ocrx_word' id='word_1_53' title='bbox 389 1109 517 1188; x_wconf 76' lang='lat' dir='ltr'><strong>supplex</strong></span> <span class='ocrx_word' id='word_1_54' title='bbox 539 1127 677 1168; x_wconf 91' lang='lat' dir='ltr'><strong>consecro</strong></span> <span class='ocrx_word' id='word_1_55' title='bbox 699 1097 809 1170; x_wconf 61' lang='lat' dir='ltr'><strong>totum!</strong></span> 
     </span>
    </p>
   </div>
   <div class='ocr_carea' id='block_1_5' title="bbox 46 1211 1352 1307">
    <p class='ocr_par' dir='ltr' id='par_1_5' title="bbox 46 1211 1352 1307">
     <span class='ocr_line' id='line_1_8' title="bbox 46 1211 1352 1307; baseline -0.002 -24"><span class='ocrx_word' id='word_1_56' title='bbox 46 1225 135 1286; x_wconf 93' lang='grc'><strong>9910.</strong></span> <span class='ocrx_word' id='word_1_57' title='bbox 149 1217 267 1307; x_wconf 91' lang='lat' dir='ltr'><strong>[Philol.</strong></span> <span class='ocrx_word' id='word_1_58' title='bbox 291 1216 374 1302; x_wconf 94' lang='grc'><strong>409.]</strong></span> <span class='ocrx_word' id='word_1_59' title='bbox 397 1218 442 1281; x_wconf 90' lang='lat' dir='ltr'><strong>oh.</strong></span> <span class='ocrx_word' id='word_1_60' title='bbox 465 1220 550 1282; x_wconf 87' lang='lat' dir='ltr'>XVI.</span> <span class='ocrx_word' id='word_1_61' title='bbox 575 1221 645 1280; x_wconf 92' lang='grc'><strong>940.</strong></span> <span class='ocrx_word' id='word_1_62' title='bbox 669 1221 720 1281; x_wconf 88' lang='grc'><strong>49.</strong></span> <span class='ocrx_word' id='word_1_63' title='bbox 747 1219 903 1280; x_wconf 73' lang='lat' dir='ltr'><strong>Matthaeus</strong></span> <span class='ocrx_word' id='word_1_64' title='bbox 927 1219 1025 1281; x_wconf 85' lang='lat' dir='ltr'><strong>(lolliu</strong></span> <span class='ocrx_word' id='word_1_65' title='bbox 1048 1241 1067 1280; x_wconf 88' lang='lat' dir='ltr'><strong>a</strong></span> <span class='ocrx_word' id='word_1_66' title='bbox 1081 1219 1249 1294; x_wconf 71' lang='lat' dir='ltr'><strong>obsistitis,</strong></span> <span class='ocrx_word' id='word_1_67' title='bbox 1263 1211 1352 1301; x_wconf 92' lang='lat' dir='ltr'><strong>Spe·</strong></span> 
     </span>
    </p>
   </div>
   <div class='ocr_carea' id='block_1_6' title="bbox 142 1299 1355 2076">
    <p class='ocr_par' dir='ltr' id='par_1_6' title="bbox 142 1299 1355 2076">
     <span class='ocr_line' id='line_1_9' title="bbox 148 1299 1354 1386; baseline -0.001 -19"><span class='ocrx_word' id='word_1_68' title='bbox 148 1309 243 1367; x_wconf 88' lang='lat' dir='ltr'><strong>cimon</strong></span> <span class='ocrx_word' id='word_1_69' title='bbox 265 1306 354 1365; x_wconf 90' lang='lat' dir='ltr'><strong>studii</strong></span> <span class='ocrx_word' id='word_1_70' title='bbox 383 1326 419 1366; x_wconf 90' lang='grc' dir='ltr'><strong>ιι</strong></span> <span class='ocrx_word' id='word_1_71' title='bbox 433 1306 567 1366; x_wconf 86' lang='lat' dir='ltr'><strong>laborum</strong></span> <span class='ocrx_word' id='word_1_72' title='bbox 589 1299 678 1386; x_wconf 85' lang='lat' dir='ltr'><strong>juxta</strong></span> <span class='ocrx_word' id='word_1_73' title='bbox 700 1306 887 1367; x_wconf 89' lang='lat' dir='ltr'><strong>donationem</strong></span> <span class='ocrx_word' id='word_1_74' title='bbox 909 1307 1037 1368; x_wconf 88' lang='lat' dir='ltr'><strong>Joannis</strong></span> <span class='ocrx_word' id='word_1_75' title='bbox 1053 1307 1167 1366; x_wconf 86' lang='lat' dir='ltr'><strong>Franca</strong></span> <span class='ocrx_word' id='word_1_76' title='bbox 1189 1305 1227 1366; x_wconf 90' lang='lat' dir='ltr'><strong>de</strong></span> <span class='ocrx_word' id='word_1_77' title='bbox 1248 1307 1354 1385; x_wconf 85' lang='lat' dir='ltr'><strong>Regio·</strong></span> 
     </span>
     <span class='ocr_line' id='line_1_10' title="bbox 147 1391 1354 1470; baseline 0 -18"><span class='ocrx_word' id='word_1_78' title='bbox 147 1401 247 1452; x_wconf 86' lang='lat' dir='ltr'><strong>moute</strong></span> <span class='ocrx_word' id='word_1_79' title='bbox 274 1393 305 1451; x_wconf 89' lang='lat' dir='ltr'><strong>in</strong></span> <span class='ocrx_word' id='word_1_80' title='bbox 328 1393 481 1454; x_wconf 87' lang='lat' dir='ltr'><strong>academia</strong></span> <span class='ocrx_word' id='word_1_81' title='bbox 502 1392 647 1470; x_wconf 89' lang='lat' dir='ltr'><strong>Pragensi</strong></span> <span class='ocrx_word' id='word_1_82' title='bbox 672 1393 879 1452; x_wconf 88' lang='lat' dir='ltr'><strong>exhaustorum</strong></span> <span class='ocrx_word' id='word_1_83' title='bbox 907 1395 984 1453; x_wconf 90' lang='lat' dir='ltr'><strong>circa</strong></span> <span class='ocrx_word' id='word_1_84' title='bbox 1007 1395 1222 1453; x_wconf 80' lang='lat' dir='ltr'><strong>enarrationem</strong></span> <span class='ocrx_word' id='word_1_85' title='bbox 1244 1391 1354 1453; x_wconf 88' lang='lat' dir='ltr'><strong>Iliados</strong></span> 
     </span>
     <span class='ocr_line' id='line_1_11' title="bbox 148 1479 1354 1542; baseline -0.001 -3"><span class='ocrx_word' id='word_1_86' title='bbox 148 1479 272 1540; x_wconf 88' lang='lat' dir='ltr'><strong>Homeri</strong></span> <span class='ocrx_word' id='word_1_87' title='bbox 295 1487 324 1538; x_wconf 91' lang='lat' dir='ltr'><strong>et</strong></span> <span class='ocrx_word' id='word_1_88' title='bbox 346 1479 470 1538; x_wconf 86' lang='lat' dir='ltr'><strong>aliorum</strong></span> <span class='ocrx_word' id='word_1_89' title='bbox 486 1479 643 1538; x_wconf 86' lang='lat' dir='ltr'><strong>latinorum</strong></span> <span class='ocrx_word' id='word_1_90' title='bbox 666 1480 755 1538; x_wconf 89' lang='lat' dir='ltr'><strong>etiarn</strong></span> <span class='ocrx_word' id='word_1_91' title='bbox 770 1487 930 1542; x_wconf 86' lang='lat' dir='ltr'><strong>auctorum.</strong></span> <span class='ocrx_word' id='word_1_92' title='bbox 954 1479 1130 1540; x_wconf 74' lang='lat' dir='ltr'><strong>Prtecsduut</strong></span> <span class='ocrx_word' id='word_1_93' title='bbox 1150 1479 1208 1539; x_wconf 91' lang='lat' dir='ltr'><strong>duo</strong></span> <span class='ocrx_word' id='word_1_94' title='bbox 1225 1479 1354 1539; x_wconf 86' lang='lat' dir='ltr'><strong>carmina</strong></span> 
     </span>
     <span class='ocr_line' id='line_1_12' title="bbox 148 1564 1353 1646; baseline -0.002 -19"><span class='ocrx_word' id='word_1_95' title='bbox 148 1565 329 1626; x_wconf 81' lang='lat' dir='ltr'><strong>dedicatoria</strong></span> <span class='ocrx_word' id='word_1_96' title='bbox 351 1564 389 1624; x_wconf 89' lang='lat' dir='ltr'><strong>ad</strong></span> <span class='ocrx_word' id='word_1_97' title='bbox 410 1564 632 1625; x_wconf 79' lang='lat' dir='ltr'><strong>Fordinandum</strong></span> <span class='ocrx_word' id='word_1_98' title='bbox 655 1565 679 1626; x_wconf 97' lang='grc' dir='ltr'><strong>Ι.</strong></span> <span class='ocrx_word' id='word_1_99' title='bbox 702 1565 914 1646; x_wconf 85' lang='lat' dir='ltr'><strong>Imperatorem</strong></span> <span class='ocrx_word' id='word_1_100' title='bbox 938 1585 964 1626; x_wconf 94' lang='grc' dir='ltr'><strong>ι.</strong></span> <span class='ocrx_word' id='word_1_101' title='bbox 990 1567 1079 1626; x_wconf 87' lang='grc'><strong>1558.</strong></span> <span class='ocrx_word' id='word_1_102' title='bbox 1111 1565 1353 1646; x_wconf 84' lang='lat' dir='ltr'><strong>Expositionihus</strong></span> 
     </span>
     <span class='ocr_line' id='line_1_13' title="bbox 146 1648 1355 1753; baseline -0.001 -42"><span class='ocrx_word' id='word_1_103' title='bbox 146 1653 219 1733; x_wconf 90' lang='lat' dir='ltr'><strong>ipsis</strong></span> <span class='ocrx_word' id='word_1_104' title='bbox 236 1651 418 1730; x_wconf 87' lang='lat' dir='ltr'><strong>singulorum</strong></span> <span class='ocrx_word' id='word_1_105' title='bbox 432 1648 573 1712; x_wconf 88' lang='lat' dir='ltr'><strong>librorum</strong></span> <span class='ocrx_word' id='word_1_106' title='bbox 591 1653 776 1731; x_wconf 68' lang='lat' dir='ltr'><strong>premittitur</strong></span> <span class='ocrx_word' id='word_1_107' title='bbox 798 1671 984 1753; x_wconf 83' lang='lat' dir='ltr'><strong>programma</strong></span> <span class='ocrx_word' id='word_1_108' title='bbox 1003 1651 1170 1727; x_wconf 72' lang='lat' dir='ltr'><strong>metricum,</strong></span> <span class='ocrx_word' id='word_1_109' title='bbox 1193 1659 1355 1734; x_wconf 91' lang='lat' dir='ltr'><strong>sequnntur</strong></span> 
     </span>
     <span class='ocr_line' id='line_1_14' title="bbox 148 1734 1354 1839; baseline -0.003 -40"><span class='ocrx_word' id='word_1_110' title='bbox 148 1738 293 1818; x_wconf 84' lang='lat' dir='ltr'><strong>expositio</strong></span> <span class='ocrx_word' id='word_1_111' title='bbox 316 1738 348 1796; x_wconf 92' lang='lat' dir='ltr'><strong>in</strong></span> <span class='ocrx_word' id='word_1_112' title='bbox 361 1734 541 1812; x_wconf 80' lang='lat' dir='ltr'><strong>Aeneidem,</strong></span> <span class='ocrx_word' id='word_1_113' title='bbox 577 1737 636 1797; x_wconf 88' lang='lat' dir='ltr'><strong>alia</strong></span> <span class='ocrx_word' id='word_1_114' title='bbox 658 1747 876 1818; x_wconf 82' lang='lat' dir='ltr'><strong>programmata</strong></span> <span class='ocrx_word' id='word_1_115' title='bbox 903 1739 934 1798; x_wconf 92' lang='lat' dir='ltr'><strong>in</strong></span> <span class='ocrx_word' id='word_1_116' title='bbox 956 1739 1080 1799; x_wconf 89' lang='lat' dir='ltr'><strong>Homeri</strong></span> <span class='ocrx_word' id='word_1_117' title='bbox 1102 1739 1233 1839; x_wconf 79' lang='lat' dir='ltr'><strong>siqgulos</strong></span> <span class='ocrx_word' id='word_1_118' title='bbox 1255 1737 1354 1810; x_wconf 90' lang='lat' dir='ltr'><strong>libros,</strong></span> 
     </span>
     <span class='ocr_line' id='line_1_15' title="bbox 147 1823 1354 1926; baseline -0.001 -43"><span class='ocrx_word' id='word_1_119' title='bbox 147 1824 256 1884; x_wconf 90' lang='lat' dir='ltr'><strong>deinde</strong></span> <span class='ocrx_word' id='word_1_120' title='bbox 286 1825 370 1882; x_wconf 80' lang='lat' dir='ltr'><strong>varia</strong></span> <span class='ocrx_word' id='word_1_121' title='bbox 397 1833 616 1904; x_wconf 84' lang='lat' dir='ltr'><strong>programmata</strong></span> <span class='ocrx_word' id='word_1_122' title='bbox 648 1823 818 1884; x_wconf 85' lang='lat' dir='ltr'><strong>academica</strong></span> <span class='ocrx_word' id='word_1_123' title='bbox 843 1826 979 1926; x_wconf 88' lang='lat' dir='ltr'><strong>prosaica</strong></span> <span class='ocrx_word' id='word_1_124' title='bbox 1006 1834 1037 1886; x_wconf 93' lang='lat' dir='ltr'><strong>et</strong></span> <span class='ocrx_word' id='word_1_125' title='bbox 1057 1825 1180 1884; x_wconf 89' lang='lat' dir='ltr'><strong>metrica</strong></span> <span class='ocrx_word' id='word_1_126' title='bbox 1211 1843 1268 1885; x_wconf 91' lang='lat' dir='ltr'><strong>nec</strong></span> <span class='ocrx_word' id='word_1_127' title='bbox 1295 1844 1354 1883; x_wconf 91' lang='lat' dir='ltr'><strong>non</strong></span> 
     </span>
     <span class='ocr_line' id='line_1_16' title="bbox 148 1903 1354 2014; baseline -0.001 -44"><span class='ocrx_word' id='word_1_128' title='bbox 148 1910 385 1970; x_wconf 77' lang='lat' dir='ltr'><strong>terminaveris</strong></span> <span class='ocrx_word' id='word_1_129' title='bbox 408 1911 673 2014; x_wconf 90' lang='lat' dir='ltr'><strong>argumentiinter</strong></span> <span class='ocrx_word' id='word_1_130' title='bbox 695 1911 868 1991; x_wconf 82' lang='lat' dir='ltr'><strong>quaeplura</strong></span> <span class='ocrx_word' id='word_1_131' title='bbox 890 1903 1019 1972; x_wconf 88' lang='lat' dir='ltr'><strong>sunt&#39;in</strong></span> <span class='ocrx_word' id='word_1_132' title='bbox 1039 1913 1164 1990; x_wconf 88' lang='lat' dir='ltr'><strong>gratiam</strong></span> <span class='ocrx_word' id='word_1_133' title='bbox 1188 1909 1219 1972; x_wconf 91' lang='lat' dir='ltr'><strong>S.</strong></span> <span class='ocrx_word' id='word_1_134' title='bbox 1240 1911 1277 1974; x_wconf 87' lang='lat' dir='ltr'><strong>R.</strong></span> <span class='ocrx_word' id='word_1_135' title='bbox 1291 1909 1354 1970; x_wconf 85' lang='grc' dir='ltr'><strong>Μι-</strong></span> 
     </span>
     <span class='ocr_line' id='line_1_17' title="bbox 142 1985 575 2076; baseline -0.002 -21"><span class='ocrx_word' id='word_1_136' title='bbox 142 1996 261 2076; x_wconf 82' lang='lat' dir='ltr'><strong>J‘estatis</strong></span> <span class='ocrx_word' id='word_1_137' title='bbox 284 1997 401 2076; x_wconf 83' lang='lat' dir='ltr'><strong>scripta</strong></span> <span class='ocrx_word' id='word_1_138' title='bbox 424 2015 450 2056; x_wconf 82' lang='grc' dir='ltr'><strong>ι</strong></span> <span class='ocrx_word' id='word_1_139' title='bbox 475 1985 575 2058; x_wconf 66' lang='grc'><strong>15593</strong></span> 
     </span>
    </p>
   </div>
   <div class='ocr_carea' id='block_1_7' title="bbox 43 2104 1354 2194">
    <p class='ocr_par' dir='ltr' id='par_1_7' title="bbox 43 2104 1354 2194">
     <span class='ocr_line' id='line_1_18' title="bbox 43 2104 1354 2194; baseline -0.002 -24"><span class='ocrx_word' id='word_1_140' title='bbox 43 2112 135 2172; x_wconf 92' lang='grc'><strong>9911.</strong></span> <span class='ocrx_word' id='word_1_141' title='bbox 148 2107 241 2194; x_wconf 85' lang='grc' dir='ltr'><strong>[Ηίιι.</strong></span> <span class='ocrx_word' id='word_1_142' title='bbox 264 2107 337 2189; x_wconf 81' lang='lat' dir='ltr'><strong>prol.</strong></span> <span class='ocrx_word' id='word_1_143' title='bbox 361 2104 446 2194; x_wconf 84' lang='grc'><strong>999]</strong></span> <span class='ocrx_word' id='word_1_144' title='bbox 470 2107 516 2169; x_wconf 93' lang='lat' dir='ltr'><strong>ch.</strong></span> <span class='ocrx_word' id='word_1_145' title='bbox 538 2107 640 2168; x_wconf 89' lang='lat' dir='ltr'><strong>XVII.</strong></span> <span class='ocrx_word' id='word_1_146' title='bbox 665 2109 736 2167; x_wconf 90' lang='grc'><strong>949.</strong></span> <span class='ocrx_word' id='word_1_147' title='bbox 759 2110 810 2170; x_wconf 97' lang='grc'><strong>49.</strong></span> <span class='ocrx_word' id='word_1_148' title='bbox 840 2109 1001 2189; x_wconf 87' lang='lat' dir='ltr'><strong>Wolfgang</strong></span> <span class='ocrx_word' id='word_1_149' title='bbox 1022 2109 1179 2170; x_wconf 91' lang='lat' dir='ltr'><strong>Helmhart</strong></span> <span class='ocrx_word' id='word_1_150' title='bbox 1200 2131 1258 2170; x_wconf 89' lang='lat' dir='ltr'><strong>von</strong></span> <span class='ocrx_word' id='word_1_151' title='bbox 1272 2108 1354 2170; x_wconf 86' lang='lat' dir='ltr'><strong>Heb-</strong></span> 
     </span>
    </p>
   </div>
   <div class='ocr_carea' id='block_1_8' title="bbox 145 2192 1355 2537">
    <p class='ocr_par' dir='ltr' id='par_1_8' title="bbox 145 2192 1355 2537">
     <span class='ocr_line' id='line_1_19' title="bbox 147 2192 1353 2295; baseline 0.001 -40"><span class='ocrx_word' id='word_1_152' title='bbox 147 2195 231 2274; x_wconf 84' lang='lat' dir='ltr'><strong>berg,</strong></span> <span class='ocrx_word' id='word_1_153' title='bbox 253 2195 317 2255; x_wconf 90' lang='lat' dir='ltr'><strong>Der</strong></span> <span class='ocrx_word' id='word_1_154' title='bbox 331 2193 575 2295; x_wconf 71' lang='lat' dir='ltr'><strong>Ilahspnrgisohe</strong></span> <span class='ocrx_word' id='word_1_155' title='bbox 591 2192 759 2258; x_wconf 87' lang='lat' dir='ltr'><strong>Ottobert..</strong></span> <span class='ocrx_word' id='word_1_156' title='bbox 781 2197 846 2254; x_wconf 88' lang='lat' dir='ltr'><strong>siva</strong></span> <span class='ocrx_word' id='word_1_157' title='bbox 860 2202 966 2274; x_wconf 71' lang='lat' dir='ltr'><strong>poema</strong></span> <span class='ocrx_word' id='word_1_158' title='bbox 979 2195 1128 2256; x_wconf 87' lang='lat' dir='ltr'><strong>heroicum</strong></span> <span class='ocrx_word' id='word_1_159' title='bbox 1143 2193 1353 2276; x_wconf 84' lang='lat' dir='ltr'><strong>germanicum,</strong></span> 
     </span>
     <span class='ocr_line' id='line_1_20' title="bbox 148 2281 1354 2382; baseline -0.002 -40"><span class='ocrx_word' id='word_1_160' title='bbox 148 2282 228 2364; x_wconf 93' lang='lat' dir='ltr'><strong>quod</strong></span> <span class='ocrx_word' id='word_1_161' title='bbox 250 2282 404 2361; x_wconf 81' lang='lat' dir='ltr'><strong>praemissa</strong></span> <span class='ocrx_word' id='word_1_162' title='bbox 424 2281 550 2382; x_wconf 72' lang='lat' dir='ltr'><strong>epistola</strong></span> <span class='ocrx_word' id='word_1_163' title='bbox 571 2281 663 2340; x_wconf 91' lang='lat' dir='ltr'><strong>latina</strong></span> <span class='ocrx_word' id='word_1_164' title='bbox 684 2282 806 2340; x_wconf 87' lang='lat' dir='ltr'><strong>metrica</strong></span> <span class='ocrx_word' id='word_1_165' title='bbox 827 2281 1018 2361; x_wconf 85' lang='lat' dir='ltr'><strong>LeopoldoI.</strong></span> <span class='ocrx_word' id='word_1_166' title='bbox 1033 2281 1207 2362; x_wconf 87' lang='lat' dir='ltr'><strong>Imperatori</strong></span> <span class='ocrx_word' id='word_1_167' title='bbox 1226 2283 1354 2342; x_wconf 89' lang='lat' dir='ltr'><strong>dicatum</strong></span> 
     </span>
     <span class='ocr_line' id='line_1_21' title="bbox 146 2355 1355 2448; baseline -0.002 -19"><span class='ocrx_word' id='word_1_168' title='bbox 146 2375 208 2443; x_wconf 89' lang='lat' dir='ltr'><strong>est,</strong></span> <span class='ocrx_word' id='word_1_169' title='bbox 242 2387 308 2448; x_wconf 78' lang='lat' dir='ltr'><strong>qua</strong></span> <span class='ocrx_word' id='word_1_170' title='bbox 337 2367 498 2447; x_wconf 89' lang='lat' dir='ltr'><strong>epistola</strong></span> <span class='ocrx_word' id='word_1_171' title='bbox 489 2368 595 2446; x_wconf 79' lang='lat' dir='ltr'><strong>incip:</strong></span> <span class='ocrx_word' id='word_1_172' title='bbox 627 2355 752 2446; x_wconf 84' lang='lat' dir='ltr'><strong>‘Accipe</strong></span> <span class='ocrx_word' id='word_1_173' title='bbox 773 2387 911 2446; x_wconf 89' lang='lat' dir='ltr'><strong>magnum</strong></span> <span class='ocrx_word' id='word_1_174' title='bbox 934 2375 1087 2428; x_wconf 88' lang='lat' dir='ltr'><strong>atavorum</strong></span> <span class='ocrx_word' id='word_1_175' title='bbox 1109 2378 1227 2428; x_wconf 84' lang='lat' dir='ltr'><strong>atavum</strong></span> <span class='ocrx_word' id='word_1_176' title='bbox 1256 2369 1303 2427; x_wconf 91' lang='lat' dir='ltr'><strong>cui</strong></span> <span class='ocrx_word' id='word_1_177' title='bbox 1330 2368 1355 2426; x_wconf 89' lang='lat' dir='ltr'><strong>si</strong></span> 
     </span>
     <span class='ocr_line' id='line_1_22' title="bbox 145 2415 1354 2537; baseline 0.001 -23"><span class='ocrx_word' id='word_1_178' title='bbox 145 2415 219 2537; x_wconf 81' lang='lat' dir='ltr'><strong>quid</strong></span> <span class='ocrx_word' id='word_1_179' title='bbox 235 2448 399 2532; x_wconf 89' lang='lat' dir='ltr'><strong>egestas..&#39;</strong></span> <span class='ocrx_word' id='word_1_180' title='bbox 428 2453 468 2512; x_wconf 82' lang='lat' dir='ltr'><strong>Et</strong></span> <span class='ocrx_word' id='word_1_181' title='bbox 483 2453 577 2533; x_wconf 64' lang='lat' dir='ltr'><strong>expia</strong></span> <span class='ocrx_word' id='word_1_182' title='bbox 595 2443 735 2531; x_wconf 87' lang='lat' dir='ltr'><strong>‘Dignius</strong></span> <span class='ocrx_word' id='word_1_183' title='bbox 750 2452 909 2534; x_wconf 90' lang='lat' dir='ltr'><strong>hospitium</strong></span> <span class='ocrx_word' id='word_1_184' title='bbox 924 2473 1067 2535; x_wconf 88' lang='lat' dir='ltr'><strong>nusquam</strong></span> <span class='ocrx_word' id='word_1_185' title='bbox 1086 2456 1216 2535; x_wconf 89' lang='lat' dir='ltr'><strong>reperire</strong></span> <span class='ocrx_word' id='word_1_186' title='bbox 1229 2443 1354 2515; x_wconf 81' lang='lat' dir='ltr'><strong>licebat’</strong></span> 
     </span>
    </p>
   </div>
   <div class='ocr_carea' id='block_1_9' title="bbox 37 2561 1355 2903">
    <p class='ocr_par' dir='ltr' id='par_1_9' title="bbox 37 2561 1355 2903">
     <span class='ocr_line' id='line_1_23' title="bbox 37 2561 1354 2649; baseline -0.006 -20"><span class='ocrx_word' id='word_1_187' title='bbox 37 2570 132 2629; x_wconf 90' lang='grc'><strong>9919.</strong></span> <span class='ocrx_word' id='word_1_188' title='bbox 147 2565 267 2649; x_wconf 90' lang='lat' dir='ltr'><strong>[Philol.</strong></span> <span class='ocrx_word' id='word_1_189' title='bbox 284 2561 368 2646; x_wconf 86' lang='grc'><strong>379]</strong></span> <span class='ocrx_word' id='word_1_190' title='bbox 392 2563 437 2628; x_wconf 92' lang='lat' dir='ltr'><strong>ch.</strong></span> <span class='ocrx_word' id='word_1_191' title='bbox 455 2565 539 2626; x_wconf 85' lang='lat' dir='ltr'><strong>XVI.</strong></span> <span class='ocrx_word' id='word_1_192' title='bbox 564 2566 612 2625; x_wconf 90' lang='grc'><strong>94.</strong></span> <span class='ocrx_word' id='word_1_193' title='bbox 636 2567 685 2624; x_wconf 88' lang='grc'><strong>49.</strong></span> <span class='ocrx_word' id='word_1_194' title='bbox 708 2565 818 2625; x_wconf 73' lang='lat' dir='ltr'><strong>Podma</strong></span> <span class='ocrx_word' id='word_1_195' title='bbox 839 2565 1038 2644; x_wconf 83' lang='lat' dir='ltr'><strong>germanicum</strong></span> <span class='ocrx_word' id='word_1_196' title='bbox 1061 2566 1099 2627; x_wconf 90' lang='lat' dir='ltr'><strong>de</strong></span> <span class='ocrx_word' id='word_1_197' title='bbox 1121 2575 1195 2640; x_wconf 91' lang='lat' dir='ltr'><strong>ortu,</strong></span> <span class='ocrx_word' id='word_1_198' title='bbox 1217 2566 1354 2626; x_wconf 73' lang='lat' dir='ltr'><strong>erumnis</strong></span> 
     </span>
     <span class='ocr_line' id='line_1_24' title="bbox 145 2650 1352 2731; baseline -0.004 -18"><span class='ocrx_word' id='word_1_199' title='bbox 145 2673 182 2714; x_wconf 92' lang='grc' dir='ltr'><strong>ιι</strong></span> <span class='ocrx_word' id='word_1_200' title='bbox 203 2659 299 2712; x_wconf 88' lang='lat' dir='ltr'><strong>morte</strong></span> <span class='ocrx_word' id='word_1_201' title='bbox 319 2650 446 2711; x_wconf 89' lang='lat' dir='ltr'><strong>hominis</strong></span> <span class='ocrx_word' id='word_1_202' title='bbox 478 2659 508 2711; x_wconf 90' lang='lat' dir='ltr'><strong>et</strong></span> <span class='ocrx_word' id='word_1_203' title='bbox 535 2670 622 2731; x_wconf 89' lang='lat' dir='ltr'><strong>quem</strong></span> <span class='ocrx_word' id='word_1_204' title='bbox 638 2650 675 2710; x_wconf 91' lang='lat' dir='ltr'><strong>ad</strong></span> <span class='ocrx_word' id='word_1_205' title='bbox 691 2651 809 2711; x_wconf 88' lang='lat' dir='ltr'><strong>modum</strong></span> <span class='ocrx_word' id='word_1_206' title='bbox 837 2671 885 2712; x_wconf 88' lang='lat' dir='ltr'><strong>res</strong></span> <span class='ocrx_word' id='word_1_207' title='bbox 910 2651 1043 2712; x_wconf 77' lang='lat' dir='ltr'><strong>adversae</strong></span> <span class='ocrx_word' id='word_1_208' title='bbox 1070 2652 1190 2712; x_wconf 90' lang='lat' dir='ltr'><strong>tolerari</strong></span> <span class='ocrx_word' id='word_1_209' title='bbox 1217 2650 1352 2712; x_wconf 86' lang='lat' dir='ltr'><strong>debeant.</strong></span> 
     </span>
     <span class='ocr_line' id='line_1_25' title="bbox 144 2727 1355 2820; baseline -0.002 -21"><span class='ocrx_word' id='word_1_210' title='bbox 144 2740 256 2820; x_wconf 53' lang='lat' dir='ltr'><strong>Incipe</strong></span> <span class='ocrx_word' id='word_1_211' title='bbox 281 2729 357 2798; x_wconf 85' lang='lat' dir='ltr'><strong>‘Der</strong></span> <span class='ocrx_word' id='word_1_212' title='bbox 379 2739 455 2816; x_wconf 77' lang='lat' dir='ltr'><strong>cwig</strong></span> <span class='ocrx_word' id='word_1_213' title='bbox 478 2735 550 2797; x_wconf 80' lang='lat' dir='ltr'><strong>Gott</strong></span> <span class='ocrx_word' id='word_1_214' title='bbox 572 2737 632 2798; x_wconf 88' lang='lat' dir='ltr'><strong>und</strong></span> <span class='ocrx_word' id='word_1_215' title='bbox 653 2737 756 2816; x_wconf 79' lang='lat' dir='ltr'><strong>Kttnig</strong></span> <span class='ocrx_word' id='word_1_216' title='bbox 776 2747 896 2800; x_wconf 82' lang='lat' dir='ltr'><strong>wert..</strong></span> <span class='ocrx_word' id='word_1_217' title='bbox 916 2727 1078 2818; x_wconf 83' lang='lat' dir='ltr'><strong>.’.:Il1pl</strong></span> <span class='ocrx_word' id='word_1_218' title='bbox 1097 2729 1173 2799; x_wconf 85' lang='lat' dir='ltr'><strong>‘Aue</strong></span> <span class='ocrx_word' id='word_1_219' title='bbox 1195 2737 1289 2818; x_wconf 88' lang='lat' dir='ltr'><strong>guad</strong></span> <span class='ocrx_word' id='word_1_220' title='bbox 1287 2757 1355 2796; x_wconf 86' lang='lat' dir='ltr'><strong>von</strong></span> 
     </span>
     <span class='ocr_line' id='line_1_26' title="bbox 145 2815 486 2903; baseline -0.009 -17"><span class='ocrx_word' id='word_1_221' title='bbox 145 2824 220 2886; x_wconf 84' lang='lat' dir='ltr'><strong>Gott</strong></span> <span class='ocrx_word' id='word_1_222' title='bbox 240 2823 314 2884; x_wconf 83' lang='lat' dir='ltr'><strong>wird</strong></span> <span class='ocrx_word' id='word_1_223' title='bbox 335 2815 486 2903; x_wconf 66' lang='lat' dir='ltr'><strong>gegeben?</strong></span> 
     </span>
    </p>
   </div>
   <div class='ocr_carea' id='block_1_10' title="bbox 34 2928 1356 3448">
    <p class='ocr_par' dir='ltr' id='par_1_10' title="bbox 34 2928 1356 3448">
     <span class='ocr_line' id='line_1_27' title="bbox 34 2928 1356 3020; baseline -0.005 -19"><span class='ocrx_word' id='word_1_224' title='bbox 34 2941 131 3001; x_wconf 87' lang='grc'><strong>9919.</strong></span> <span class='ocrx_word' id='word_1_225' title='bbox 146 2936 266 3020; x_wconf 90' lang='lat' dir='ltr'><strong>[Philol.</strong></span> <span class='ocrx_word' id='word_1_226' title='bbox 291 2931 375 3020; x_wconf 84' lang='grc'><strong>189]</strong></span> <span class='ocrx_word' id='word_1_227' title='bbox 399 2934 444 2996; x_wconf 92' lang='lat' dir='ltr'><strong>ch.</strong></span> <span class='ocrx_word' id='word_1_228' title='bbox 466 2933 552 2995; x_wconf 84' lang='lat' dir='ltr'><strong>XVI</strong></span> <span class='ocrx_word' id='word_1_229' title='bbox 580 2935 630 2997; x_wconf 88' lang='grc'><strong>61.</strong></span> <span class='ocrx_word' id='word_1_230' title='bbox 658 2933 709 2996; x_wconf 89' lang='grc'><strong>49.</strong></span> <span class='ocrx_word' id='word_1_231' title='bbox 753 2933 926 2995; x_wconf 85' lang='lat' dir='ltr'><strong>Alexander</strong></span> <span class='ocrx_word' id='word_1_232' title='bbox 947 2934 1076 3012; x_wconf 86' lang='lat' dir='ltr'><strong>Roselli,</strong></span> <span class='ocrx_word' id='word_1_233' title='bbox 1100 2928 1265 2997; x_wconf 83' lang='lat' dir='ltr'><strong>‘Oomoedia</strong></span> <span class='ocrx_word' id='word_1_234' title='bbox 1290 2955 1356 3016; x_wconf 72' lang='lat' dir='ltr'><strong>quar</strong></span> 
     </span>
     <span class='ocr_line' id='line_1_28' title="bbox 143 3011 1355 3100; baseline -0.002 -16"><span class='ocrx_word' id='word_1_235' title='bbox 143 3021 313 3084; x_wconf 86' lang='lat' dir='ltr'><strong>Melanthia</strong></span> <span class='ocrx_word' id='word_1_236' title='bbox 333 3011 520 3081; x_wconf 62' lang='lat' dir='ltr'><strong>inscribitur?</strong></span> <span class='ocrx_word' id='word_1_237' title='bbox 542 3020 735 3080; x_wconf 84' lang='lat' dir='ltr'><strong>Praemittitnr</strong></span> <span class='ocrx_word' id='word_1_238' title='bbox 756 3019 890 3098; x_wconf 89' lang='lat' dir='ltr'><strong>dialogus</strong></span> <span class='ocrx_word' id='word_1_239' title='bbox 913 3023 989 3081; x_wconf 91' lang='lat' dir='ltr'><strong>rntcr</strong></span> <span class='ocrx_word' id='word_1_240' title='bbox 1000 3021 1155 3083; x_wconf 78' lang='lat' dir='ltr'><strong>Timonem</strong></span> <span class='ocrx_word' id='word_1_241' title='bbox 1170 3032 1201 3083; x_wconf 89' lang='lat' dir='ltr'><strong>et</strong></span> <span class='ocrx_word' id='word_1_242' title='bbox 1216 3023 1355 3100; x_wconf 78' lang='lat' dir='ltr'><strong>hiemum,</strong></span> 
     </span>
     <span class='ocr_line' id='line_1_29' title="bbox 136 3098 1354 3214; baseline 0 -46"><span class='ocrx_word' id='word_1_243' title='bbox 136 3110 199 3214; x_wconf 93' lang='lat' dir='ltr'><strong>qui</strong></span> <span class='ocrx_word' id='word_1_244' title='bbox 221 3109 329 3188; x_wconf 79' lang='lat' dir='ltr'><strong>incip·</strong></span> <span class='ocrx_word' id='word_1_245' title='bbox 343 3098 459 3168; x_wconf 87' lang='lat' dir='ltr'><strong>Viden</strong></span> <span class='ocrx_word' id='word_1_246' title='bbox 480 3107 589 3167; x_wconf 79' lang='lat' dir='ltr'><strong>&#39;Ibmon</strong></span> <span class='ocrx_word' id='word_1_247' title='bbox 611 3105 812 3208; x_wconf 87' lang='lat' dir='ltr'><strong>misanthrope</strong></span> <span class='ocrx_word' id='word_1_248' title='bbox 834 3106 890 3165; x_wconf 89' lang='lat' dir='ltr'><strong>hoc</strong></span> <span class='ocrx_word' id='word_1_249' title='bbox 911 3109 1153 3186; x_wconf 88' lang='lat' dir='ltr'><strong>proscenium..</strong></span> <span class='ocrx_word' id='word_1_250' title='bbox 1158 3099 1238 3170; x_wconf 84' lang='grc' dir='ltr'><strong>Εἰ</strong></span> <span class='ocrx_word' id='word_1_251' title='bbox 1259 3109 1354 3190; x_wconf 80' lang='lat' dir='ltr'><strong>expl:</strong></span> 
     </span>
     <span class='ocr_line' id='line_1_30' title="bbox 136 3183 1356 3274; baseline 0 -18"><span class='ocrx_word' id='word_1_252' title='bbox 136 3188 266 3256; x_wconf 81' lang='lat' dir='ltr'><strong>‘Cornu</strong></span> <span class='ocrx_word' id='word_1_253' title='bbox 287 3194 364 3254; x_wconf 76' lang='lat' dir='ltr'><strong>ferre</strong></span> <span class='ocrx_word' id='word_1_254' title='bbox 386 3201 416 3252; x_wconf 90' lang='grc' dir='ltr'><strong>ιι</strong></span> <span class='ocrx_word' id='word_1_255' title='bbox 437 3194 573 3252; x_wconf 88' lang='lat' dir='ltr'><strong>maritum</strong></span> <span class='ocrx_word' id='word_1_256' title='bbox 596 3201 642 3251; x_wconf 89' lang='grc' dir='ltr'><strong>ιιι</strong></span> <span class='ocrx_word' id='word_1_257' title='bbox 663 3183 810 3252; x_wconf 82' lang='lat' dir='ltr'><strong>eludere’</strong></span> <span class='ocrx_word' id='word_1_258' title='bbox 855 3191 1024 3273; x_wconf 85' lang='lat' dir='ltr'><strong>Sequuntur</strong></span> <span class='ocrx_word' id='word_1_259' title='bbox 1048 3194 1106 3254; x_wconf 90' lang='lat' dir='ltr'><strong>duo</strong></span> <span class='ocrx_word' id='word_1_260' title='bbox 1128 3206 1302 3274; x_wconf 86' lang='lat' dir='ltr'><strong>argumenta</strong></span> <span class='ocrx_word' id='word_1_261' title='bbox 1327 3207 1356 3256; x_wconf 86' lang='lat' dir='ltr'><strong>et</strong></span> 
     </span>
     <span class='ocr_line' id='line_1_31' title="bbox 142 3272 1354 3384; baseline 0.001 -45"><span class='ocrx_word' id='word_1_262' title='bbox 142 3282 300 3384; x_wconf 77' lang='lat' dir='ltr'><strong>prologqa.</strong></span> <span class='ocrx_word' id='word_1_263' title='bbox 322 3278 505 3340; x_wconf 83' lang='lat' dir='ltr'><strong>Oomoedia</strong></span> <span class='ocrx_word' id='word_1_264' title='bbox 497 3299 563 3358; x_wconf 85' lang='lat' dir='ltr'><strong>ipsa</strong></span> <span class='ocrx_word' id='word_1_265' title='bbox 584 3278 687 3358; x_wconf 90' lang='lat' dir='ltr'><strong>incip:</strong></span> <span class='ocrx_word' id='word_1_266' title='bbox 705 3272 795 3338; x_wconf 89' lang='lat' dir='ltr'><strong>Sunt</strong></span> <span class='ocrx_word' id='word_1_267' title='bbox 814 3277 869 3338; x_wconf 87' lang='lat' dir='ltr'><strong>lilii</strong></span> <span class='ocrx_word' id='word_1_268' title='bbox 890 3278 943 3338; x_wconf 90' lang='lat' dir='ltr'><strong>tibi</strong></span> <span class='ocrx_word' id='word_1_269' title='bbox 965 3279 1106 3357; x_wconf 89' lang='lat' dir='ltr'><strong>grandes,</strong></span> <span class='ocrx_word' id='word_1_270' title='bbox 1135 3281 1257 3342; x_wconf 86' lang='lat' dir='ltr'><strong>verbnm</strong></span> <span class='ocrx_word' id='word_1_271' title='bbox 1285 3282 1354 3342; x_wconf 91' lang='lat' dir='ltr'><strong>dioi-</strong></span> 
     </span>
     <span class='ocr_line' id='line_1_32' title="bbox 143 3354 1353 3448; baseline 0 -20"><span class='ocrx_word' id='word_1_272' title='bbox 143 3378 253 3431; x_wconf 87' lang='lat' dir='ltr'><strong>tur...</strong></span> <span class='ocrx_word' id='word_1_273' title='bbox 261 3358 331 3426; x_wconf 81' lang='lat' dir='ltr'><strong>&#39;Et</strong></span> <span class='ocrx_word' id='word_1_274' title='bbox 345 3365 440 3445; x_wconf 88' lang='lat' dir='ltr'><strong>expl..</strong></span> <span class='ocrx_word' id='word_1_275' title='bbox 454 3354 601 3424; x_wconf 86' lang='lat' dir='ltr'><strong>Proinde</strong></span> <span class='ocrx_word' id='word_1_276' title='bbox 616 3363 695 3444; x_wconf 90' lang='lat' dir='ltr'><strong>quod</strong></span> <span class='ocrx_word' id='word_1_277' title='bbox 709 3363 795 3425; x_wconf 80' lang='lat' dir='ltr'><strong>vobis</strong></span> <span class='ocrx_word' id='word_1_278' title='bbox 810 3365 848 3424; x_wconf 91' lang='lat' dir='ltr'><strong>sit</strong></span> <span class='ocrx_word' id='word_1_279' title='bbox 863 3365 952 3425; x_wconf 90' lang='lat' dir='ltr'><strong>ctiam</strong></span> <span class='ocrx_word' id='word_1_280' title='bbox 966 3366 1094 3426; x_wconf 85' lang='lat' dir='ltr'><strong>faustum</strong></span> <span class='ocrx_word' id='word_1_281' title='bbox 1112 3367 1191 3430; x_wconf 88' lang='lat' dir='ltr'><strong>clare</strong></span> <span class='ocrx_word' id='word_1_282' title='bbox 1205 3360 1353 3448; x_wconf 88' lang='lat' dir='ltr'><strong>plaudite.&#39;</strong></span> 
     </span>
    </p>
   </div>
   <div class='ocr_carea' id='block_1_11' title="bbox 28 3474 1355 3818">
    <p class='ocr_par' dir='ltr' id='par_1_11' title="bbox 28 3474 1355 3818">
     <span class='ocr_line' id='line_1_33' title="bbox 28 3474 1354 3563; baseline -0.002 -21"><span class='ocrx_word' id='word_1_283' title='bbox 28 3483 125 3542; x_wconf 91' lang='grc'><strong>9914.</strong></span> <span class='ocrx_word' id='word_1_284' title='bbox 143 3479 280 3563; x_wconf 81' lang='lat' dir='ltr'><strong>[Hiatp</strong></span> <span class='ocrx_word' id='word_1_285' title='bbox 282 3477 336 3538; x_wconf 83' lang='lat' dir='ltr'><strong>rof.</strong></span> <span class='ocrx_word' id='word_1_286' title='bbox 361 3474 525 3559; x_wconf 88' lang='grc' dir='ltr'><strong>1009.ιι]</strong></span> <span class='ocrx_word' id='word_1_287' title='bbox 496 3475 658 3538; x_wconf 91' lang='lat' dir='ltr'><strong>.X.VII</strong></span> <span class='ocrx_word' id='word_1_288' title='bbox 682 3477 710 3536; x_wconf 95' lang='grc'><strong>7.</strong></span> <span class='ocrx_word' id='word_1_289' title='bbox 734 3478 783 3541; x_wconf 89' lang='grc'><strong>49.</strong></span> <span class='ocrx_word' id='word_1_290' title='bbox 828 3475 985 3537; x_wconf 79' lang='lat' dir='ltr'><strong>Iohannes</strong></span> <span class='ocrx_word' id='word_1_291' title='bbox 1007 3475 1146 3558; x_wconf 82' lang='lat' dir='ltr'><strong>Jvancay</strong></span> <span class='ocrx_word' id='word_1_292' title='bbox 1175 3481 1225 3560; x_wconf 89' lang='lat' dir='ltr'><strong>qni</strong></span> <span class='ocrx_word' id='word_1_293' title='bbox 1251 3488 1281 3540; x_wconf 90' lang='lat' dir='ltr'><strong>et</strong></span> <span class='ocrx_word' id='word_1_294' title='bbox 1302 3480 1354 3541; x_wconf 82' lang='lat' dir='ltr'><strong>Ja-</strong></span> 
     </span>
     <span class='ocr_line' id='line_1_34' title="bbox 142 3555 1355 3644; baseline 0.001 -19"><span class='ocrx_word' id='word_1_295' title='bbox 142 3567 269 3644; x_wconf 86' lang='lat' dir='ltr'><strong>niaius,</strong></span> <span class='ocrx_word' id='word_1_296' title='bbox 302 3563 403 3625; x_wconf 88' lang='lat' dir='ltr'><strong>Oratio</strong></span> <span class='ocrx_word' id='word_1_297' title='bbox 436 3561 586 3624; x_wconf 87' lang='lat' dir='ltr'><strong>rubricata</strong></span> <span class='ocrx_word' id='word_1_298' title='bbox 617 3555 748 3623; x_wconf 82' lang='lat' dir='ltr'><strong>‘Adorsa</strong></span> <span class='ocrx_word' id='word_1_299' title='bbox 777 3583 831 3623; x_wconf 89' lang='lat' dir='ltr'><strong>seu</strong></span> <span class='ocrx_word' id='word_1_300' title='bbox 860 3563 984 3622; x_wconf 85' lang='lat' dir='ltr'><strong>victoria</strong></span> <span class='ocrx_word' id='word_1_301' title='bbox 1012 3583 1076 3624; x_wconf 88' lang='lat' dir='ltr'><strong>cum</strong></span> <span class='ocrx_word' id='word_1_302' title='bbox 1100 3565 1233 3625; x_wconf 86' lang='lat' dir='ltr'><strong>laureola</strong></span> <span class='ocrx_word' id='word_1_303' title='bbox 1253 3565 1355 3626; x_wconf 82' lang='lat' dir='ltr'><strong>Fordi-</strong></span> 
     </span>
     <span class='ocr_line' id='line_1_35' title="bbox 140 3611 1355 3752; baseline 0.001 -41"><span class='ocrx_word' id='word_1_304' title='bbox 140 3651 237 3712; x_wconf 87' lang='lat' dir='ltr'><strong>nandi</strong></span> <span class='ocrx_word' id='word_1_305' title='bbox 259 3611 298 3711; x_wconf 88' lang='grc' dir='ltr'><strong>ΙΙ.</strong></span> <span class='ocrx_word' id='word_1_306' title='bbox 321 3650 521 3752; x_wconf 87' lang='lat' dir='ltr'><strong>Imperatoris,</strong></span> <span class='ocrx_word' id='word_1_307' title='bbox 552 3669 578 3708; x_wconf 84' lang='grc' dir='ltr'><strong>ι</strong></span> <span class='ocrx_word' id='word_1_308' title='bbox 604 3649 695 3708; x_wconf 84' lang='grc'><strong>1690.</strong></span> <span class='ocrx_word' id='word_1_309' title='bbox 729 3648 841 3752; x_wconf 84' lang='lat' dir='ltr'><strong>Incip:</strong></span> <span class='ocrx_word' id='word_1_310' title='bbox 864 3640 1121 3710; x_wconf 76' lang='lat' dir='ltr'><strong>‘Praestantissimo</strong></span> <span class='ocrx_word' id='word_1_311' title='bbox 1144 3651 1355 3732; x_wconf 90' lang='lat' dir='ltr'><strong>incomparabi-</strong></span> 
     </span>
     <span class='ocr_line' id='line_1_36' title="bbox 140 3725 830 3818; baseline -0.007 -20"><span class='ocrx_word' id='word_1_312' title='bbox 140 3739 244 3818; x_wconf 92' lang='lat' dir='ltr'><strong>lique.</strong></span> <span class='ocrx_word' id='word_1_313' title='bbox 257 3785 285 3800; x_wconf 93' lang='lat'><strong>..</strong></span> <span class='ocrx_word' id='word_1_314' title='bbox 289 3729 429 3816; x_wconf 78' lang='lat' dir='ltr'><strong>&#39;Expl..</strong></span> <span class='ocrx_word' id='word_1_315' title='bbox 447 3725 595 3794; x_wconf 83' lang='lat' dir='ltr'><strong>‘laudibus</strong></span> <span class='ocrx_word' id='word_1_316' title='bbox 617 3725 830 3816; x_wconf 55' lang='lat' dir='ltr'><strong>prosequatur?</strong></span> 
     </span>
    </p>
   </div>
   <div class='ocr_carea' id='block_1_12' title="bbox 25 3843 1354 4014">
    <p class='ocr_par' dir='ltr' id='par_1_12' title="bbox 25 3843 1354 4014">
     <span class='ocr_line' id='line_1_37' title="bbox 25 3843 1354 3934; baseline -0.002 -22"><span class='ocrx_word' id='word_1_317' title='bbox 25 3855 124 3914; x_wconf 86' lang='lat'><strong>9915.</strong></span> <span class='ocrx_word' id='word_1_318' title='bbox 142 3849 230 3934; x_wconf 81' lang='lat' dir='ltr'><strong>[Res.</strong></span> <span class='ocrx_word' id='word_1_319' title='bbox 248 3846 350 3931; x_wconf 83' lang='grc'><strong>1189]</strong></span> <span class='ocrx_word' id='word_1_320' title='bbox 374 3847 418 3907; x_wconf 92' lang='lat' dir='ltr'><strong>cb.</strong></span> <span class='ocrx_word' id='word_1_321' title='bbox 433 3845 551 3909; x_wconf 91' lang='lat' dir='ltr'><strong>XVIII.</strong></span> <span class='ocrx_word' id='word_1_322' title='bbox 578 3847 647 3906; x_wconf 90' lang='lat'><strong>113.</strong></span> <span class='ocrx_word' id='word_1_323' title='bbox 671 3848 721 3907; x_wconf 93' lang='lat'><strong>4⁰.</strong></span> <span class='ocrx_word' id='word_1_324' title='bbox 753 3845 922 3907; x_wconf 82' lang='lat' dir='ltr'><strong>Ludoricna</strong></span> <span class='ocrx_word' id='word_1_325' title='bbox 945 3843 1085 3927; x_wconf 90' lang='lat' dir='ltr'><strong>Sergardi</strong></span> <span class='ocrx_word' id='word_1_326' title='bbox 1107 3848 1211 3928; x_wconf 89' lang='lat' dir='ltr'><strong>pseud.</strong></span> <span class='ocrx_word' id='word_1_327' title='bbox 1228 3847 1354 3925; x_wconf 82' lang='lat' dir='ltr'><strong>Quintus</strong></span> 
     </span>
     <span class='ocr_line' id='line_1_38' title="bbox 138 3931 1049 4014; baseline -0.004 -16"><span class='ocrx_word' id='word_1_328' title='bbox 138 3933 440 4014; x_wconf 67' lang='lat' dir='ltr'><strong>§commartyras</strong></span> <span class='ocrx_word' id='word_1_329' title='bbox 463 3953 530 3993; x_wconf 92' lang='lat' dir='ltr'><strong>oum</strong></span> <span class='ocrx_word' id='word_1_330' title='bbox 552 3933 629 3993; x_wconf 89' lang='lat' dir='ltr'><strong>uotis</strong></span> <span class='ocrx_word' id='word_1_331' title='bbox 653 3933 747 3993; x_wconf 84' lang='lat' dir='ltr'><strong>cuivis</strong></span> <span class='ocrx_word' id='word_1_332' title='bbox 769 3943 878 4012; x_wconf 80' lang='lat' dir='ltr'><strong>satyrae</strong></span> <span class='ocrx_word' id='word_1_333' title='bbox 900 3931 1049 3994; x_wconf 86' lang='lat' dir='ltr'><strong>subnexis.</strong></span> 
     </span>
    </p>
   </div>
   <div class='ocr_carea' id='block_1_13' title="bbox 24 4044 1353 4212">
    <p class='ocr_par' dir='ltr' id='par_1_13' title="bbox 24 4044 1353 4212">
     <span class='ocr_line' id='line_1_39' title="bbox 24 4044 1353 4133; baseline -0.003 -21"><span class='ocrx_word' id='word_1_334' title='bbox 24 4053 123 4112; x_wconf 83' lang='lat'><strong>9916.</strong></span> <span class='ocrx_word' id='word_1_335' title='bbox 139 4049 230 4133; x_wconf 88' lang='lat' dir='ltr'><strong>[Rec.</strong></span> <span class='ocrx_word' id='word_1_336' title='bbox 255 4044 359 4128; x_wconf 85' lang='grc'><strong>1155]</strong></span> <span class='ocrx_word' id='word_1_337' title='bbox 393 4045 438 4106; x_wconf 90' lang='lat' dir='ltr'><strong>ch.</strong></span> <span class='ocrx_word' id='word_1_338' title='bbox 461 4045 562 4107; x_wconf 82' lang='lat' dir='ltr'><strong>XVII</strong></span> <span class='ocrx_word' id='word_1_339' title='bbox 589 4047 658 4108; x_wconf 90' lang='grc'><strong>155.</strong></span> <span class='ocrx_word' id='word_1_340' title='bbox 693 4047 744 4106; x_wconf 90' lang='grc'><strong>49.</strong></span> <span class='ocrx_word' id='word_1_341' title='bbox 781 4045 998 4106; x_wconf 89' lang='lat' dir='ltr'><strong>Dictionarium</strong></span> <span class='ocrx_word' id='word_1_342' title='bbox 1020 4045 1143 4106; x_wconf 89' lang='lat' dir='ltr'><strong>morale·</strong></span> <span class='ocrx_word' id='word_1_343' title='bbox 1133 4045 1353 4127; x_wconf 74' lang='lat' dir='ltr'><strong>philologicum</strong></span> 
     </span>
     <span class='ocr_line' id='line_1_40' title="bbox 137 4131 1150 4212; baseline -0.005 -16"><span class='ocrx_word' id='word_1_344' title='bbox 137 4132 307 4196; x_wconf 85' lang='lat' dir='ltr'><strong>secondum</strong></span> <span class='ocrx_word' id='word_1_345' title='bbox 327 4133 466 4193; x_wconf 89' lang='lat' dir='ltr'><strong>materias</strong></span> <span class='ocrx_word' id='word_1_346' title='bbox 489 4132 636 4211; x_wconf 86' lang='lat' dir='ltr'><strong>digestum</strong></span> <span class='ocrx_word' id='word_1_347' title='bbox 658 4133 809 4212; x_wconf 76' lang='lat' dir='ltr'><strong>premisso</strong></span> <span class='ocrx_word' id='word_1_348' title='bbox 835 4131 933 4192; x_wconf 89' lang='lat' dir='ltr'><strong>indice</strong></span> <span class='ocrx_word' id='word_1_349' title='bbox 956 4131 1150 4212; x_wconf 88' lang='lat' dir='ltr'><strong>alphabetico.</strong></span> 
     </span>
    </p>
   </div>
   <div class='ocr_carea' id='block_1_14' title="bbox 22 4242 1353 4336">
    <p class='ocr_par' dir='ltr' id='par_1_14' title="bbox 22 4242 1353 4336">
     <span class='ocr_line' id='line_1_41' title="bbox 22 4242 1353 4336; baseline -0.004 -24"><span class='ocrx_word' id='word_1_350' title='bbox 22 4242 360 4336; x_wconf 85' lang='grc' dir='ltr'><strong>9917.[Βιι.1898.]</strong></span> <span class='ocrx_word' id='word_1_351' title='bbox 387 4243 432 4306; x_wconf 89' lang='lat' dir='ltr'><strong>ch.</strong></span> <span class='ocrx_word' id='word_1_352' title='bbox 455 4243 573 4305; x_wconf 91' lang='lat' dir='ltr'><strong>XVHI.</strong></span> <span class='ocrx_word' id='word_1_353' title='bbox 595 4245 643 4308; x_wconf 91' lang='grc'><strong>98</strong></span> <span class='ocrx_word' id='word_1_354' title='bbox 673 4245 772 4306; x_wconf 86' lang='lat' dir='ltr'><strong>4⁰.l</strong></span> <span class='ocrx_word' id='word_1_355' title='bbox 759 4243 903 4324; x_wconf 91' lang='lat'><strong>1.)1—</strong></span> <span class='ocrx_word' id='word_1_356' title='bbox 862 4245 975 4307; x_wconf 89' lang='grc'><strong>-99,</strong></span> <span class='ocrx_word' id='word_1_357' title='bbox 998 4243 1199 4324; x_wconf 85' lang='lat' dir='ltr'><strong>Telesphorus</strong></span> <span class='ocrx_word' id='word_1_358' title='bbox 1222 4247 1353 4330; x_wconf 87' lang='lat' dir='ltr'><strong>eremita,</strong></span> 
     </span>
    </p>
   </div>
   <div class='ocr_carea' id='block_1_15' title="bbox 134 4329 1353 4589">
    <p class='ocr_par' dir='ltr' id='par_1_15' title="bbox 134 4329 1353 4589">
     <span class='ocr_line' id='line_1_42' title="bbox 136 4329 1353 4410; baseline -0.001 -16"><span class='ocrx_word' id='word_1_359' title='bbox 136 4336 194 4394; x_wconf 91' lang='lat' dir='ltr'><strong>De</strong></span> <span class='ocrx_word' id='word_1_360' title='bbox 218 4351 322 4409; x_wconf 88' lang='lat' dir='ltr'><strong>causa,</strong></span> <span class='ocrx_word' id='word_1_361' title='bbox 353 4341 430 4392; x_wconf 82' lang='lat' dir='ltr'><strong>statu</strong></span> <span class='ocrx_word' id='word_1_362' title='bbox 458 4339 487 4389; x_wconf 91' lang='lat' dir='ltr'><strong>et</strong></span> <span class='ocrx_word' id='word_1_363' title='bbox 509 4329 568 4390; x_wconf 86' lang='lat' dir='ltr'><strong>fine</strong></span> <span class='ocrx_word' id='word_1_364' title='bbox 600 4333 752 4410; x_wconf 79' lang='lat' dir='ltr'><strong>praesentis</strong></span> <span class='ocrx_word' id='word_1_365' title='bbox 775 4329 941 4390; x_wconf 86' lang='lat' dir='ltr'><strong>schismatis</strong></span> <span class='ocrx_word' id='word_1_366' title='bbox 968 4331 1149 4394; x_wconf 87' lang='lat' dir='ltr'><strong>vaticinium.</strong></span> <span class='ocrx_word' id='word_1_367' title='bbox 1184 4331 1239 4391; x_wconf 81' lang='grc'><strong>999</strong></span> <span class='ocrx_word' id='word_1_368' title='bbox 1257 4343 1353 4395; x_wconf 83' lang='lat' dir='ltr'><strong>vacat.</strong></span> 
     </span>
     <span class='ocr_line' id='line_1_43' title="bbox 137 4414 1353 4501; baseline -0.001 -21"><span class='ocrx_word' id='word_1_369' title='bbox 137 4417 191 4501; x_wconf 82' lang='lat'><strong>2.)</strong></span> <span class='ocrx_word' id='word_1_370' title='bbox 227 4418 280 4476; x_wconf 84' lang='grc'><strong>93·</strong></span> <span class='ocrx_word' id='word_1_371' title='bbox 284 4415 403 4476; x_wconf 79' lang='grc'><strong>-989,</strong></span> <span class='ocrx_word' id='word_1_372' title='bbox 438 4414 468 4476; x_wconf 91' lang='lat' dir='ltr'><strong>S.</strong></span> <span class='ocrx_word' id='word_1_373' title='bbox 492 4415 686 4494; x_wconf 88' lang='lat' dir='ltr'><strong>Hildegardis</strong></span> <span class='ocrx_word' id='word_1_374' title='bbox 708 4415 746 4476; x_wconf 92' lang='lat' dir='ltr'><strong>de</strong></span> <span class='ocrx_word' id='word_1_375' title='bbox 768 4415 905 4495; x_wconf 80' lang='lat' dir='ltr'><strong>BInguia,</strong></span> <span class='ocrx_word' id='word_1_376' title='bbox 932 4415 980 4478; x_wconf 92' lang='lat' dir='ltr'><strong>De</strong></span> <span class='ocrx_word' id='word_1_377' title='bbox 1002 4417 1132 4497; x_wconf 88' lang='lat' dir='ltr'><strong>quinque</strong></span> <span class='ocrx_word' id='word_1_378' title='bbox 1154 4416 1259 4480; x_wconf 80' lang='lat' dir='ltr'><strong>futuris</strong></span> <span class='ocrx_word' id='word_1_379' title='bbox 1281 4427 1353 4480; x_wconf 91' lang='lat' dir='ltr'><strong>tem-</strong></span> 
     </span>
     <span class='ocr_line' id='line_1_44' title="bbox 134 4501 684 4589; baseline -0.009 -24"><span class='ocrx_word' id='word_1_380' title='bbox 134 4503 268 4589; x_wconf 86' lang='lat' dir='ltr'><strong>poribus</strong></span> <span class='ocrx_word' id='word_1_381' title='bbox 290 4501 458 4583; x_wconf 87' lang='lat' dir='ltr'><strong>incipiendo</strong></span> <span class='ocrx_word' id='word_1_382' title='bbox 481 4501 567 4562; x_wconf 89' lang='lat' dir='ltr'><strong>aba.</strong></span> <span class='ocrx_word' id='word_1_383' title='bbox 594 4503 684 4562; x_wconf 91' lang='grc'><strong>1100.</strong></span> 
     </span>
    </p>
   </div>
   <div class='ocr_carea' id='block_1_16' title="bbox 20 4612 1352 4784">
    <p class='ocr_par' dir='ltr' id='par_1_16' title="bbox 20 4612 1352 4784">
     <span class='ocr_line' id='line_1_45' title="bbox 20 4612 1351 4698; baseline -0.007 -14"><span class='ocrx_word' id='word_1_384' title='bbox 20 4623 119 4684; x_wconf 88' lang='grc'><strong>9918.</strong></span> <span class='ocrx_word' id='word_1_385' title='bbox 185 4635 231 4677; x_wconf 90' lang='lat' dir='ltr'><strong>ec.</strong></span> <span class='ocrx_word' id='word_1_386' title='bbox 251 4613 354 4698; x_wconf 87' lang='grc'><strong>1878]</strong></span> <span class='ocrx_word' id='word_1_387' title='bbox 378 4613 422 4676; x_wconf 91' lang='lat' dir='ltr'><strong>ch.</strong></span> <span class='ocrx_word' id='word_1_388' title='bbox 437 4613 556 4676; x_wconf 81' lang='lat' dir='ltr'><strong>XVIII</strong></span> <span class='ocrx_word' id='word_1_389' title='bbox 573 4615 644 4675; x_wconf 90' lang='grc'><strong>907.</strong></span> <span class='ocrx_word' id='word_1_390' title='bbox 660 4615 711 4676; x_wconf 87' lang='grc'><strong>49.</strong></span> <span class='ocrx_word' id='word_1_391' title='bbox 740 4613 915 4674; x_wconf 80' lang='lat' dir='ltr'><strong>Franciscus</strong></span> <span class='ocrx_word' id='word_1_392' title='bbox 930 4613 1027 4676; x_wconf 82' lang='lat' dir='ltr'><strong>Maria</strong></span> <span class='ocrx_word' id='word_1_393' title='bbox 1042 4612 1188 4676; x_wconf 81' lang='lat' dir='ltr'><strong>Omsar</strong></span> <span class='ocrx_word' id='word_1_394' title='bbox 1163 4614 1351 4688; x_wconf 82' lang='lat' dir='ltr'><strong>srveOeeari,</strong></span> 
     </span>
     <span class='ocr_line' id='line_1_46' title="bbox 167 4697 1352 4784; baseline 0 -20"><span class='ocrx_word' id='word_1_395' title='bbox 167 4701 290 4764; x_wconf 76' lang='lat' dir='ltr'><strong>abactio</strong></span> <span class='ocrx_word' id='word_1_396' title='bbox 311 4707 482 4782; x_wconf 71' lang='lat' dir='ltr'><strong>poematum</strong></span> <span class='ocrx_word' id='word_1_397' title='bbox 503 4700 664 4778; x_wconf 75' lang='lat' dir='ltr'><strong>prasertim</strong></span> <span class='ocrx_word' id='word_1_398' title='bbox 697 4697 735 4760; x_wconf 88' lang='lat' dir='ltr'><strong>ad</strong></span> <span class='ocrx_word' id='word_1_399' title='bbox 758 4698 896 4762; x_wconf 80' lang='lat' dir='ltr'><strong>Carolum</strong></span> <span class='ocrx_word' id='word_1_400' title='bbox 911 4699 965 4765; x_wconf 95' lang='lat' dir='ltr'><strong>VI.</strong></span> <span class='ocrx_word' id='word_1_401' title='bbox 988 4699 1199 4784; x_wconf 88' lang='lat' dir='ltr'><strong>Imperatorem</strong></span> <span class='ocrx_word' id='word_1_402' title='bbox 1222 4709 1252 4764; x_wconf 89' lang='grc' dir='ltr'><strong>ιι</strong></span> <span class='ocrx_word' id='word_1_403' title='bbox 1273 4703 1352 4764; x_wconf 82' lang='lat' dir='ltr'><strong>viros</strong></span> 
     </span>
    </p>
   </div>
   <div class='ocr_carea' id='block_1_17' title="bbox 0 0 1656 5438">
    <p class='ocr_par' dir='ltr' id='par_1_17' title="bbox 0 0 1656 5438">
     <span class='ocr_line' id='line_1_47' title="bbox 0 0 1656 5438; baseline 0 0"><span class='ocrx_word' id='word_1_404' title='bbox 0 0 1656 5438; x_wconf 95' lang='lat' dir='ltr'><strong> </strong></span> 
     </span>
    </p>
   </div>
  </div>
 </body>
</html>
