3320 5438
924 469 986 540 118
1496 472 1565 531 9911

408 667 485 728 vidit
506 653 720 769 Ulyssem...'
754 663 860 743 Explz
888 653 1050 736 ‘,Adventu
1072 661 1151 721 facta
1173 667 1218 720 est
1240 679 1299 718 nox
1323 679 1444 741 quoque
1465 660 1521 719 leta
1536 653 1597 722 dies?

412 756 474 830 20.)
501 755 562 814 122.
582 742 630 811 ‘In
654 750 759 810 sunere
784 741 912 809 infantis’
916 749 1044 851 ‘.elegia
1074 748 1188 827 Incip..
1210 738 1375 806 ‘Labuntur
1396 747 1463 806 sine
1484 747 1536 806 fine
1553 747 1600 806 diss

412 851 442 900 et
463 837 580 899 mobilis
604 846 710 898 etas..
723 831 887 938 .’Erpl:
916 823 1092 895 ‘'Clausua
1084 854 1115 893 un
1137 832 1193 892 hoc
1224 852 1342 912 semper
1369 853 1512 892 marmore
1535 843 1600 892 nocte

411 945 537 1007 premar.
540 917 638 1000 ’.21)
665 882 750 984 1222.
770 912 832 982 ‘Ad
854 920 1007 981 Sanctium
1030 907 1169 981 sodalem'
1194 938 1314 978 carmen
1334 918 1600 997 hendecasyllabum,

412 1032 471 1093 quo
486 1016 575 1090 po'e'ta
598 1010 725 1069 amicum
748 1006 825 1067 febri
847 1007 1031 1067 laborantem
1047 1005 1222 1066 exhortatur
1237 1004 1276 1065 de
1290 1003 1466 1066 valetudine
1486 1025 1539 1064 nou
1552 1025 1601 1066 ιιιι

413 1095 638 1202 desperandum:
668 1095 785 1174 Incip.:
817 1086 904 1153 ‘Cum
928 1092 989 1153 dux
1011 1101 1187 1197 troygenum
1210 1091 1330 1151 volente
1352 1091 1480 1153 fato...
1485 1080 1601 1170 Nmpt

413 1176 554 1243 ‘Posthac
576 1191 606 1241 ts
628 1183 798 1240 innumeros
822 1180 897 1239 velit
918 1199 972 1258 per
994 1171 1104 1239 annos?
1144 1173 1210 1260 22.)
1237 1179 1303 1238 132.
1331 1176 1432 1238 Janus
1456 1137 1599 1246 Samhucus,

413 1269 463 1328 Ad
486 1268 656 1348 pontificem
678 1267 856 1368 Agriensem
879 1263 1035 1324 Nicolaum
1052 1262 1191 1336 Olahum,
1215 1283 1280 1322 cum
1303 1263 1481 1342 opusculum
1495 1263 1601 1343 siquod

413 1355 481 1416 dam
504 1355 644 1429 mitteret,
678 1354 861 1432 epigramma
887 1371 1024 1430 grauem.
1065 1350 1173 1452 Incip.:
1204 1341 1320 1412 ’Τοῦτο
1347 1347 1457 1426 παρὸν
1480 1349 1601 1414 luctum

412 1441 503 1520 φέρει
525 1439 581 1504 odi
603 1443 710 1516 δῶρον
734 1437 753 1502 ὁ
776 1439 959 1508 δοῦλοι...
967 1434 1121 1517 '.:Expl
1140 1427 1325 1512 ’Συστήσαι
1347 1434 1461 1500 ἐπέσιν
1481 1435 1602 1512 λίσσομιι

413 1526 459 1591 ὡς
482 1525 627 1591 δύνασαί.
651 1521 813 1590 deliret)
837 1525 900 1600 23.)
927 1483 991 1583 132,
1017 1522 1110 1594 Idem,
1135 1522 1184 1581 Ad
1207 1521 1334 1581 eundern
1357 1522 1395 1582 de
1420 1521 1520 1582 eodem
1540 1541 1602 1599 argu·

413 1623 512 1673 mento
535 1614 714 1716 grigrammo
738 1611 873 1672 latinum.
909 1609 1021 1689 Incip.:
1046 1597 1131 1668 Ἠοι
1154 1616 1184 1667 te
1207 1606 1371 1668 Samhucus
1400 1608 1493 1668 donat
1512 1607 1602 1666 Nicoln'

413 1689 609 1760 libellum...’
633 1697 741 1773 Expl:
760 1687 874 1756 ‘Mania
896 1704 926 1756 et
948 1693 1102 1754 insidia
1078 1715 1122 1754 ιιι
1142 1702 1320 1754 moveantur
1341 1685 1452 1756 humo.'
1476 1691 1536 1774 24)
1556 1695 1602 1752 112

413 1784 548 1844 Membra
570 1784 697 1862 disjecta
720 1783 845 1842 alicuius
868 1782 1014 1862 poematis
1037 1781 1163 1841 Horatii.
1190 1781 1258 1856 25.)
1283 1779 1349 1842 142.
1378 1780 1476 1854 Idem,
1498 1779 1542 1839 Ad
1559 1779 1600 1838 Aa

415 1872 528 1931 tunium
550 1869 725 1930 vorantium
754 1869 927 1952 episcopum
950 1869 1128 1944 Agriensem
1163 1886 1229 1926 cum
1258 1865 1361 1926 libello
1392 1867 1433 1926 de
1458 1867 1601 1926 imitatione

415 1958 531 2036 Incip..
546 1947 632 2016 Hoc
653 1964 684 2013 te
700 1955 825 2016 Veranti
849 1953 1013 2056 Sambupus
1036 1971 1159 2014 munere
1182 1945 1331 2014 donat...’
1359 1953 1467 2033 Expl.:
1487 1941 1602 2012 ’11111111

416 2043 479 2104 due·
482 2043 568 2104 erlem
591 2063 651 2102 non
672 2041 736 2100 lore
758 2039 852 2100 credit
874 2032 968 2102 amat'
1003 2038 1069 2122 26.)
1095 2039 1272 2100 152-172,
1296 2039 1402 2142 hllegia
1426 2059 1479 2098 sen
1493 2039 1564 2098 lusus
1577 2035 1602 2096 lc

416 2128 565 2209 Cupidine
598 2147 615 2187 e
643 2147 739 2206 graeco
762 2148 780 2185 a
801 2125 936 2187 Pontano
960 2127 1069 2185 latinus
1093 2125 1196 2187 sactus.
1233 2125 1346 2205 Incip:
1376 2117 1545 2186 ‘Certabant
1562 2142 1603 2182 ιιι

416 2216 546 2294 genitrix
576 2214 648 2290 face,
671 2222 758 2272 natus
782 2221 812 2271 at
835 2231 940 2274 arcu..
955 2204 1121 2292 .'.Expl·
1148 2209 1198 2271 ’111
1219 2219 1272 2270 tue
1293 2222 1323 2270 et
1345 2211 1494 2272 ambrosia
1513 2209 1602 2270 dih'luct

417 2293 611 2361 ambrosiam'
652 2299 717 2378 27.)
748 2299 814 2361 182.
843 2298 950 2359 Petrus
973 2297 1126 2358 Loticbins
1149 2296 1313 2376 Secundus,
1337 2295 1467 2357 Carmen
1488 2295 1602 2357 hendecs

418 2387 567 2467 syllabum
591 2385 683 2446 adJ.
707 2383 900 2462 Sambucum,
935 2385 982 2444 cui
1005 2386 1189 2464 questionem
1214 2345 1370 2486 proponit,
1407 2403 1524 2446 curnam
1546 2381 1602 2441 mula

419 2483 534 2553 septem
559 2473 622 2530 vini
650 2481 731 2531 utres
760 2470 893 2548 ejusdem
915 2469 1056 2572 genitrix
1076 2489 1147 2531 vero
1171 2470 1327 2574 quinque
1326 2469 1526 2530 tantummodo
1549 2469 1603 2526 iarn

418 2560 522 2636 possit.
553 2557 663 2636 Incip.·
683 2549 843 2617 ‘Sambuce
844 2558 985 2661 optime,
1010 2558 1058 2616 cui
1080 2556 1313 2618 venustiores...
1319 2548 1462 2636 '.Expl·
1480 2547 1602 2616 ‘blebem

420 2656 493 2725 quot
514 2645 545 2704 in
568 2644 683 2704 utribus
705 2633 853 2703 tulerunt?
884 2644 948 2722 28.)
974 2643 1058 2704 182.
1082 2643 1175 2712 Idem,
1198 2635 1260 2702 ‘Ad
1276 2641 1418 2702 Sambnci
1442 2643 1602 2722 epigramma

420 2740 483 2792 tum
504 2721 620 2790 librum'
645 2729 774 2789 disticha
788 2730 1007 2790 encomiastioa.
1030 2729 1141 2808 Incip.:
1163 2721 1279 2802 ‘Qualis
1295 2747 1366 2787 vere
1380 2748 1464 2788 novo
1478 2747 1539 2788 ross
1552 2725 1601 2786 lore

420 2817 573 2878 decentior
602 2817 729 2876 omni..
765 2805 916 2894 'Expla
951 2807 1019 2874 ‘Illa
1049 2813 1132 2874 dabit
1166 2815 1254 2893 capiti
1285 2813 1425 2893 delphico
1459 2821 1532 2874 serta
1555 2801 1599 2870 tuu'

421 2903 485 2981 29.)
523 2904 591 2962 192.
624 2902 656 2964 J.
680 2861 861 2976 Samhucus,
892 2901 1063 3002 Responsio
1086 2899 1125 2959 ad
1147 2919 1266 2959 carmen
1287 2895 1601 3004 hendecasyllpbunl.

421 2988 551 3048 Lotichii
574 2986 713 3048 Secundi.
755 2987 867 3063 Incip.:
892 2979 1024 3066 ‘Accepi
1047 2983 1315 3064 hendecasyllabos
1337 2987 1470 3046 amice..
1483 2977 1601 3058 ':llupl

416 3064 502 3154 ‘quot
523 3074 690 3134 tulerint...
694 3065 804 3131 ’Finis
820 3072 913 3134 deest.
935 3073 998 3150 30.)
1017 3072 1082 3132 192.
1105 3071 1140 3132 Ρ.
1155 3070 1307 3131 Lotichius
1323 3069 1488 3144 Secundus,
1506 3069 1601 3131 ccum

421 3159 708 3238 hendecasyllabum
748 3167 805 3220 etc.
843 3157 979 3217 Alterum
1004 3159 1173 3260 exemplum
1197 3158 1335 3217 carminis
1359 3157 1416 3216 sub
1440 3160 1500 3232 27.)
1524 3173 1601 3235 praec

421 3245 526 3305 dentis.
570 3244 633 3322 31.)
669 3247 770 3304 202-
779 3247 841 3306 212
870 3243 977 3322 Elegia
1000 3245 1111 3303 erotica
1133 3244 1275 3322 inscripta
1293 3234 1389 3326 ‘(J.oh
1415 3241 1514 3325 Bapt.)
1532 3241 1601 3336 Mne

421 3330 497 3410 phili
512 3330 549 3390 de
547 3322 689 3431 Sylvia3’
712 3331 821 3408 Incip..
842 3319 932 3389 ‘Lilia
946 3349 1006 3390 non
1022 3339 1141 3410 sequent
1155 3350 1215 3388 non
1231 3329 1287 3388 hoc
1303 3328 1434 3389 candore
1450 3313 1601 3408 ligustra...

423 3417 527 3495 Expl..
547 3405 631 3475 ‘Sola
653 3417 725 3474 viris
749 3415 870 3474 summis
893 3425 978 3493 grata
1001 3416 1101 3475 futura
1123 3407 1205 3478 deis.’
1234 3412 1299 3497 32.)
1317 3417 1382 3476 212.
1398 3405 1544 3514 ‘Ejusdem
1560 3409 1600 3497 api·

420 3519 562 3607 gramma.
565 3494 713 3580 Izncip.
733 3491 956 3561 Ardentemin
971 3502 1119 3561 flammam
1134 3502 1273 3561 miserum
1292 3521 1339 3561 me
1356 3499 1592 3578 Sylriarertit...

422 3589 526 3668 Ruspi:
542 3581 618 3647 ‘Nec
629 3588 748 3666 perimit
764 3587 898 3646 flammas
914 3587 995 3690 pnda
1010 3609 1066 3648 nec
1077 3588 1155 3666 ignis
1171 3607 1288 3667 aquam.
1288 3579 1472 3646 ’21211111
1488 3581 1544 3662 33.)
1554 3583 1600 3641 222

421 3675 520 3736 Janue
541 3663 724 3733 Samhucus
748 3673 785 3732 ad
802 3663 922 3752 pueros'
947 3674 1131 3752 epigramma
1153 3673 1191 3733 de
1214 3693 1265 3745 eo,
1289 3671 1368 3753 quod
1391 3673 1485 3732 divini
1506 3667 1600 3730 nunuiu

423 3781 496 3837 opes
519 3759 707 3836 implorando
730 3759 776 3834 sit,
802 3761 863 3817 ut
855 3780 886 3818 un
910 3757 1016 3819 studiis
1039 3779 1214 3837 progressus
1236 3759 1320 3820 liant.
1350 3759 1467 3860 Incip.:
1486 3750 1600 3848 ’11111-

421 3847 494 3923 prise
521 3847 600 3905 vires
630 3853 755 3922 possunt
783 3846 840 3904 nisi
869 3845 990 3921 spiritus
1019 3847 1146 3908 intus..
1164 3838 1324 3924 .’.:Expl
1350 3837 1522 3947 ‘sequnntur
1539 3858 1595 3919 opes

423 3928 571 4015 34.)222.
587 3931 680 4003 Idem,
694 3923 913 3990 ‘Summevitse
930 3925 1109 3991 cluristianae'
1124 3891 1250 3990 disticho
1266 3930 1493 4010 comprehensa.
1502 3921 1599 3988 ‘Credit⁰

423 4019 479 4077 rite
502 4017 590 4078 deum
613 4017 707 4096 fugito
736 4016 797 4076 otia
824 4017 883 4076 fide
905 4017 1055 4094 precando
1076 4016 1205 4076 Labenti
1226 4017 1270 4075 ser
1292 4037 1379 4118 opem
1401 4016 1444 4077 nil
1466 4015 1599 4090 tribuasque

422 4095 494 4164 tibi'
531 4103 586 4162 222
606 4115 700 4164 vacat.
736 4103 798 4178 35.)
833 4101 918 4164 232.2
953 4102 1048 4177 idem,
1072 4104 1171 4164 Varius
1192 4103 1366 4163 lectiones
1358 4123 1387 4161 ιιι
1412 4101 1598 4178 Quintilianum

425 4187 535 4248 Aulum
560 4187 700 4264 Gellium,
725 4187 919 4267 Phocylidem
943 4198 972 4247 et
993 4188 1212 4268 Thucydidem.
1247 4189 1312 4270 36.)
1337 4191 1404 4248 212.
1427 4189 1509 4248 Notas
1526 4179 1598 4281 phyai

425 4275 505 4334 cales
528 4275 565 4334 de
588 4274 681 4334 herba
702 4273 864 4346 verbasco,
889 4274 926 4334 de
949 4274 1099 4351 delphine,
1123 4275 1161 4334 de
1184 4275 1322 4342 balanis,
1347 4274 1385 4334 de
1410 4274 1498 4334 uitulo
1518 4267 1598 4331 narius

426 4360 516 4421 etde
538 4360 658 4439 polypo.
700 4361 764 4462 37.)
795 4319 877 4420 2422.
912 4359 1018 4420 Actius
1041 4359 1180 4421 Sincerus
1205 4359 1415 4432 Saunszarius,
1440 4350 1599 4464 Hymnudu

426 4445 457 4507 S.
481 4444 663 4505 Gaudioso'
655 4447 799 4528 incipiens
816 4436 970 4506 ‘Gaudete
993 4455 1075 4506 cetus
1091 4448 1248 4522 virginum.
1252 4445 1346 4522 ’.38)
1363 4448 1431 4510 252.
1446 4438 1491 4505 ‘In
1507 4439 1597 4503 entur

425 4531 520 4590 morbi
542 4531 638 4590 fictitii
660 4525 871 4592 simulatorem'
894 4535 1085 4612 epigramma,
1108 4553 1167 4614 quo
1190 4534 1253 4610 ejus
1274 4532 1504 4634 perstringitur
1498 4523 1596 4588 auaritia

426 4618 541 4722 Incip..
568 4605 697 4678 Balbus
731 4619 887 4678 avaritiam
915 4629 1039 4679 matrem
1073 4619 1143 4679 dum
1166 4619 1292 4678 consulit
1318 4627 1466 4680 atram..
1485 4606 1597 4690 .ἘῐΡῑ·

426 4695 532 4763 ‘Maior
554 4704 680 4765 avaritie
701 4725 780 4785 pena
802 4705 841 4764 sit
864 4705 915 4766 ille
937 4696 1009 4767 sihi!
1034 4703 1101 4768 252.
1124 4713 1221 4766 uacat.
1255 4700 1321 4786 39.)
1345 4705 1411 4766 262
1433 4665 1522 4766 Jadus
1540 4697 1596 4758 Sa*
