3326 5442
654 474 718 550 419

27 677 201 748 Pudenti,
224 675 370 732 Jehannes
391 677 486 750 Bapt',
510 677 653 750 Epistulae
676 679 712 734 ad
734 677 767 736 Ρ.
782 678 987 738 Lambeciom.
1034 721 1040 736 .
1086 723 1093 738 .
1138 722 1146 738 .
1259 681 1366 740 9719·

72 792 114 802 -
157 762 293 820 Notata'
285 781 314 818 m
336 763 460 837 linguam
481 765 615 820 turcicum
666 804 1145 823 ..........
1258 767 1351 825 9644.

26 850 178 922 Pedius,
200 849 373 926 Milauutiue,
396 849 570 924 Opusculum
592 851 627 908 de
649 849 788 948 medicina
802 850 904 908 Gelani
927 859 954 908 et
977 858 1036 909 artu
1051 853 1149 925 alchy·

204 936 309 992 mica
300 975 1147 996 .................
1240 941 1352 1002 11867.

25 1021 213 1097 Pegarell,
246 1021 391 1078 Jebaunes
413 1021 521 1094 <impar
542 1039 611 1093 ren,
645 1023 689 1080 De
712 1027 778 1097 jure
805 1023 1014 1095 Imperatoris
1006 1043 1034 1081 ru
1058 1025 1149 1082 musis

203 1107 454 1164 matrimonialibus
477 1108 562 1166 etiam
582 1107 802 1166 Pretestautium
831 1109 960 1166 ordinum
992 1111 1045 1168 rite
1073 1111 1149 1185 judi·

203 1195 299 1262 eaudi,
322 1213 409 1268 gerru.
464 1237 1147 1254 ..............
1260 1197 1352 1254 9944.

24 1280 178 1353 Poggiu‚
200 1279 322 1337 Michaei
343 1281 387 1352 de,
409 1280 514 1336 Petma
535 1281 660 1340 itabeum
673 1323 1146 1340 ..........
1259 1283 1351 1340 9954.

22 1366 193 1442 Pelaeus,
217 1365 442 1440 christophorus,
465 1366 609 1438 Epistulae
632 1370 668 1424 ad
690 1369 839 1438 Hugonem
861 1367 985 1424 Bletium
1036 1411 1042 1424 .
1087 1411 1094 1425 .
1155 1369 1259 1424 aueu-
1251 1362 1353 1424 ¹·⁴··¹⁸.

22 1452 199 1522 PolbeIm,
222 1451 402 1526 Reimpreebt
422 1453 494 1509 liher
515 1453 585 1510 hare
607 1472 632 1520 a,
657 1453 799 1526 Epistulae
821 1453 857 1508 ad
881 1453 909 1510 S.
932 1453 1098 1528 uengnsge
1142 1455 1272 1511 ,97879
1283 1457 1294 1488 ⁸
1303 1448 1352 1511 ⁸⁸⁸.

21 1538 183 1608 Polites,
205 1539 358 1610 debannes,
381 1539 523 1614 Epistulae
546 1539 583 1596 ad
604 1541 641 1596 H.
664 1541 794 1597 comitem
815 1541 851 1594 de
872 1539 1000 1596 Rautsau
1037 1585 1044 1599 .
1091 1581 1097 1592 .
1143 1533 1343 1597 9737²=’'⁸‘’''‘
1345 1585 1352 1601 .

21 1625 119 1692 Pell,
143 1625 276 1683 Nicolaus
299 1631 327 1681 et
349 1625 493 1682 Jehannes
514 1623 605 1696 iilius,
629 1625 832 1700 compendium
854 1627 1061 1699 aegritudinum
1083 1643 1148 1684 cau-

202 1729 247 1768 sas
270 1729 421 1785 earumque
442 1711 567 1768 remedia
588 1713 734 1769 continens
772 1752 1146 1771 ........
1239 1714 1353 1770 11410.

20 1797 159 1872 Pollio,
184 1837 210 1854 ..
233 1798 293 1870 Dr,
315 1798 450 1854 Remedia
472 1797 509 1852 ad
531 1797 655 1855 diversus
676 1799 789 1856 merbes
825 1817 846 1854 .·
877 1838 1093 1856 .....
1098 1801 1106 1818 ’
1140 1839 1147 1853 .
1173 1799 1285 1871 11951,
1302 1801 1352 1856 41.

65 1912 110 1921 -
153 1883 319 1954 Ererardus,
342 1883 486 1958 Epistulae
507 1883 543 1938 ad
565 1884 715 1958 Hugeusm
736 1885 857 1941 Bletium
874 1925 1090 1941 .....
1151 1881 1255 1941 9787’·
1268 1879 1352 1942 Μ’.

20 1969 277 2042 Pumeresehe,
310 1969 470 2038 Jobauues,
504 1969 684 2044 Florilegium
711 1971 804 2046 legum
831 1969 891 2024 865
914 1969 1149 2027 nobilissimarum

205 2073 238 2112 cx
260 2061 379 2130 uaeque
399 2062 465 2131 jure
508 2096 1140 2116 .............
1180 2057 1297 2126 10880,
1323 2059 1351 2113 9.

18 2144 103 2200 Pom
113 2143 253 2216 pejeni,
276 2143 451 2216 Franciscus,
474 2143 581 2214 Repete
604 2145 670 2198 date
693 2145 729 2199 ad
745 2159 801 2199 uno
817 2140 940 2198 Sibarita
954 2139 974 2196 il
988 2142 1072 2215 quale
1087 2143 1148 2198 ardi

204 2227 265 2286 iare
293 2230 392 2284 alcuna
419 2229 542 2327 maligue
571 2229 720 2285 rillessieni
749 2230 776 2284 sl
801 2228 963 2300 panegirico
987 2227 1051 2304 dell'
1063 2229 1148 2285 abate

204 2314 306 2371 Buniui
321 2315 463 2371 intitulato
477 2299 511 2368 ll
527 2315 638 2372 ritrattu
653 2313 716 2372 dell’
727 2314 905 2387 imperatrice
919 2295 1038 2371 Claudia
1052 2300 1145 2370 1675’
1259 2313 1351 2369 9990.

18 2402 225 2469 Fontanus,
249 2399 386 2468 Jacebus,
414 2400 511 2457 Oratio
533 2419 585 2473 pre
606 2401 706 2457 studiis
727 2402 882 2469 litterarum
928 2441 1145 2456 .....
1186 2399 1277 2466 9888,
1304 2401 1352 2454 10.

65 2515 109 2527 -
154 2487 200 2543 De
222 2486 326 2543 Christi
348 2488 484 2544 vincentis
506 2487 648 2562 triumphe
671 2489 826 2562 elegiacum
848 2503 984 2542 carmen.
1031 2527 1039 2544 .
1085 2529 1091 2542 .
1137 2525 1145 2541 .
1205 2486 1352 2556 9888,1.

62 2601 108 2613 -
152 2573 253 2646 Elegia
275 2573 304 2628 iu
325 2573 531 2648 philosophiam
559 2610 1144 2630 ............
1183 2571 1276 2636 9888,
1303 2571 1351 2626 15.

64 2694 99 2701 -
153 2657 250 2715 Oratio
273 2660 309 2716 de
332 2659 361 2715 8.
383 2661 555 2732 Hieronymo
578 2660 739 2721 academiae
762 2659 941 2731 Dilliuganae
962 2663 1082 2730 patrone
1137 2698 1144 2714 .
1204 2657 1295 2724 9888,
1321 2658 1349 2712 9.
1462 2681 1470 2694 ·

63 2776 109 2786 -
153 2745 291 2818 Dialogus
313 2747 444 2802 metricus
467 2745 540 2802 inter
561 2743 728 2803 Stratoclem
744 2745 924 2822 ,discipulum
954 2749 982 2799 et
1007 2743 1148 2799 Eubulum

200 2839 410 2905 praeceptorem
446 2869 1144 2890 ..............
1204 2829 1296 2900 9888,
1321 2829 1350 2883 8.

62 2945 106 2956 -·
154 2917 304 2988 leviauus,
326 2918 431 2975 Versus
452 2917 695 2990 hendecasyllabi,
717 2923 749 2972 nt
771 2919 867 2974 relicte
888 2919 1034 2988 petitarum
1056 2915 1148 2971 studio

203 3011 337 3077 aequatur
357 3005 465 3077 puellas
502 3041 1145 3061 ..............
1184 2999 1276 3063 9977,
1301 2999 1350 3055 97.

62 3117 106 3128 -
153 3089 253 3163 Elegia
274 3109 323 3148 seu
345 3091 422 3146 lusus
444 3092 479 3146 de
501 3089 640 3161 Cupidine
663 3107 678 3146 a
700 3106 802 3162 graece
825 3087 928 3146 latinus
980 3129 987 3145 .
1033 3127 1040 3142 .
1085 3131 1091 3144 .
1138 3127 1144 3142 .
1184 3085 1277 3156 9977,
1301 3087 1351 3142 96.

64 3203 108 3214 -
154 3175 187 3230 Iu
210 3177 363 3233 discessum
386 3177 494 3233 Aliensi
519 3176 610 3248 elegia
661 3211 1144 3230 ..........
1170 3172 1351 3238 9977,198.

61 3289 108 3300 --
154 3261 273 3320 Carmen
295 3263 325 3319 in
346 3263 457 3320 laudem
479 3263 553 3336 regis
576 3255 686 3318 Aliensi
720 3299 935 3318 .....
947 3271 985 3314 ·.
1032 3299 1038 3316 .
1084 3299 1092 3315 .
1138 3259 1262 3325 .9977,
1282 3258 1350 3312 195.

62 3375 105 3388 -
151 3349 369 3420 Epithalamium
384 3349 530 3406 Leunerac
545 3347 720 3421 Arraguniae
735 3347 772 3401 ed
787 3345 835 3400 Er.
852 3345 1038 3401 Minutulum.
1085 3385 1091 3399 .
1136 3345 1258 3410 9977,
1278 3343 1348 3398 197.

66 3466 103 3478 -
153 3433 333 3508 Epigramma
356 3435 391 3492 de
413 3441 512 3576 ιιιέιιε,
505 3451 609 3508 ,quac
631 3431 770 3506 gemellus
786 3432 899 3504 pariens
920 3439 1030 3488 mortua
1052 3437 1145 3487 est.
1185 3431 1276 3495 9977,
1302 3429 1350 3484 60.

62 3551 104 3565 --
153 3520 297 3577 Jehannes
313 3521 421 3596 desim,
470 3520 702 3594 xccrptaelibre
717 3518 797 3577 VIII.
821 3521 856 3576 de
878 3519 962 3576 rebus
978 3515 1152 3601 coelestibus
1185 3515 1297 3582 11939,
1325 3511 1351 3570 1.

11 3581 153 3675 Ponte,
188 3606 406 3680 Dominicusa,
441 3609 593 3664 tractatus
621 3607 657 3662 de
683 3605 776 3678 lapide
807 3605 941 3678 physice·
932 3603 1075 3662 ·mincrali
1096 3619 1148 3674 pru

196 3693 430 3750 transmutatione
450 3695 625 3751 metallorum
662 3731 933 3748 ......
945 3696 985 3745 ’.
1031 3729 1037 3746 .
1085 3727 1091 3741 .
1137 3729 1144 3742 .
1185 3687 1297 3753 11878,
1323 3685 1350 3741 9.

61 3808 108 3818 -
154 3777 342 3852 Hieronymus
364 3781 408 3846 de,
431 3779 559 3878 Epistola
580 3779 653 3850 hisp.
679 3777 714 3832 ad
731 3775 812 3832 Gaea
828 3776 1039 3848 LeepoldumI.
1062 3790 1145 3846 prae-

203 3865 340 3922 mittenda
361 3865 453 3938 uperi.
478 3851 619 3922 ‘Historia
641 3861 736 3919 diviua
756 3881 777 3934 y
798 3849 931 3935 prefaua’
976 3905 983 3919 .
1029 3901 1035 3916 .
1081 3899 1089 3916 .
1135 3897 1142 3913 .
1203 3857 1295 3924 9099,
1321 3856 1349 3912 7.

9 3951 268 4026 Pepewitacb,
290 3952 318 4008 J.
339 3951 368 4008 8.
384 3952 436 4019 V.
459 3951 684 4009 Praelectieuum
706 3949 741 4005 de
764 3948 966 4021 orthographia
987 3945 1148 4020 germanica

198 4037 355 4110 tegmenta
399 4065 1145 4094 ...............
1204 4029 1298 4096 esee,
1321 4029 1350 4084 a.

60 4152 104 4164 -
151 4121 275 4181 Lectaeu
298 4123 545 4198 orthographicum
567 4121 756 4198 germanicum
779 4119 846 4175 Ant.
869 4118 1046 4175 Wassertbal
1068 4116 1145 4174 colli·

198 4217 283 4282 geute
296 4243 1093 4264 ................
1114 4201 1196 4256 9509
1213 4207 1242 4258 et
1257 4199 1350 4257 9508.

60 4323 106 4335 -
155 4295 199 4351 De
222 4295 423 4369 orthographia
444 4295 606 4370 germanica
632 4293 804 4350 collectanea
820 4329 1091 4346 ......
1115 4285 1196 4343 9549
1214 4293 1242 4342 et
1257 4286 1349 4342 9548.

58 4411 106 4421 ·-
152 4379 240 4438 Varia
262 4383 435 4439 collectanea
456 4383 491 4438 de
513 4381 609 4454 lingua
631 4379 792 4452 germanica
815 4381 930 4452 ejusque
953 4375 1081 4431 dialectis
1109 4375 1145 4430 ab

199 4468 322 4525 Autuuie
336 4467 514 4524 Wasscsthal
536 4467 673 4540 disposita
716 4507 723 4521 .
768 4475 781 4519 .·
821 4500 1144 4520 .......
1259 4459 1349 4513 9506.
1394 4521 1399 4529 ·

61 4583 106 4594 -
153 4553 308 4626 Symmicta
331 4555 366 4610 de
389 4555 517 4612 dialectis
539 4552 707 4628 germanicis
734 4567 786 4607 nee
809 4567 865 4606 nou
887 4550 922 4605 de
945 4548 1147 4620 orthographia

199 4641 260 4700 siue
280 4639 339 4698 ulia
360 4641 491 4698 methede
513 4639 650 4713 disposita
661 4673 1144 4693 ..........
1259 4631 1350 4686 9541.

61 4759 107 4774 -
137 4727 196 4784 ·De
219 4727 346 4785 &lectis
369 4727 483 4801 linguae
505 4725 682 4800 gomanicae
717 4757 1144 4781 .........
1187 4717 1296 4783 9506,
1322 4715 1350 4770 4.

1090 4815 1146 4874 97*
