<?xml version="1.0" encoding="UTF-8"?>
<!DOCTYPE html PUBLIC "-//W3C//DTD XHTML 1.0 Transitional//EN"
    "http://www.w3.org/TR/xhtml1/DTD/xhtml1-transitional.dtd">
<html xmlns="http://www.w3.org/1999/xhtml" xml:lang="en" lang="en">
 <head>
  <title>
</title>
<meta http-equiv="Content-Type" content="text/html;charset=utf-8" />
  <meta name='ocr-system' content='tesseract 3.04.00' />
  <meta name='ocr-capabilities' content='ocr_page ocr_carea ocr_par ocr_line ocrx_word'/>
</head>
<body>
  <div class='ocr_page' id='page_1' title='image "./tabulaecodicumm01natigoog_0918.png"; bbox 0 0 3290 5452; ppageno 0'>
   <div class='ocr_carea' id='block_1_1' title="bbox 226 657 1643 2716">
    <p class='ocr_par' dir='ltr' id='par_1_1' title="bbox 226 657 1643 2716">
     <span class='ocr_line' id='line_1_1' title="bbox 271 657 1392 732; baseline 0.005 -18"><span class='ocrx_word' id='word_1_1' title='bbox 271 657 393 732; x_wconf 82' lang='lat' dir='ltr'><strong>Salus,</strong></span> <span class='ocrx_word' id='word_1_2' title='bbox 414 657 491 716; x_wconf 85' lang='lat' dir='ltr'><strong>Juan</strong></span> <span class='ocrx_word' id='word_1_3' title='bbox 514 658 656 726; x_wconf 67' lang='lat' dir='ltr'><strong>silence.</strong></span> <span class='ocrx_word' id='word_1_4' title='bbox 678 659 723 716; x_wconf 81' lang='lat' dir='ltr'><strong>La</strong></span> <span class='ocrx_word' id='word_1_5' title='bbox 743 660 904 718; x_wconf 76' lang='lat' dir='ltr'><strong>constancia</strong></span> <span class='ocrx_word' id='word_1_6' title='bbox 923 679 958 716; x_wconf 87' lang='lat' dir='ltr'><strong>en</strong></span> <span class='ocrx_word' id='word_1_7' title='bbox 972 661 1007 716; x_wconf 68' lang='lat' dir='ltr'><strong>*lo</strong></span> <span class='ocrx_word' id='word_1_8' title='bbox 1028 661 1146 716; x_wconf 82' lang='lat' dir='ltr'><strong>aduerm</strong></span> <span class='ocrx_word' id='word_1_9' title='bbox 1160 660 1314 716; x_wconf 75' lang='lat' dir='ltr'><strong>rittoriosa</strong></span> <span class='ocrx_word' id='word_1_10' title='bbox 1345 663 1392 720; x_wconf 89' lang='lat' dir='ltr'><strong>En</strong></span> 
     </span>
     <span class='ocr_line' id='line_1_2' title="bbox 443 744 1593 819; baseline -0.003 -19"><span class='ocrx_word' id='word_1_11' title='bbox 443 746 470 801; x_wconf 86' lang='lat' dir='ltr'><strong>el</strong></span> <span class='ocrx_word' id='word_1_12' title='bbox 490 763 573 802; x_wconf 81' lang='lat' dir='ltr'><strong>roras</strong></span> <span class='ocrx_word' id='word_1_13' title='bbox 594 746 723 803; x_wconf 86' lang='lat' dir='ltr'><strong>incendio</strong></span> <span class='ocrx_word' id='word_1_14' title='bbox 746 748 781 804; x_wconf 86' lang='lat' dir='ltr'><strong>da</strong></span> <span class='ocrx_word' id='word_1_15' title='bbox 801 747 911 819; x_wconf 87' lang='lat' dir='ltr'><strong>palacio</strong></span> <span class='ocrx_word' id='word_1_16' title='bbox 961 785 1389 805; x_wconf 91' lang='grc'><strong>.........</strong></span> <span class='ocrx_word' id='word_1_17' title='bbox 1491 744 1593 800; x_wconf 89' lang='grc'><strong>10007.</strong></span> 
     </span>
     <span class='ocr_line' id='line_1_3' title="bbox 270 830 1390 907; baseline 0.004 -19"><span class='ocrx_word' id='word_1_18' title='bbox 270 831 451 906; x_wconf 75' lang='lat' dir='ltr'><strong>salaman,</strong></span> <span class='ocrx_word' id='word_1_19' title='bbox 473 830 627 905; x_wconf 81' lang='lat' dir='ltr'><strong>Georgius,</strong></span> <span class='ocrx_word' id='word_1_20' title='bbox 650 833 795 890; x_wconf 81' lang='lat' dir='ltr'><strong>Annorum</strong></span> <span class='ocrx_word' id='word_1_21' title='bbox 810 833 847 890; x_wconf 90' lang='lat' dir='ltr'><strong>ab</strong></span> <span class='ocrx_word' id='word_1_22' title='bbox 862 834 960 907; x_wconf 78' lang='lat' dir='ltr'><strong>ejectis</strong></span> <span class='ocrx_word' id='word_1_23' title='bbox 974 832 1089 906; x_wconf 83' lang='lat' dir='ltr'><strong>regibus</strong></span> <span class='ocrx_word' id='word_1_24' title='bbox 1104 850 1193 905; x_wconf 88' lang='lat' dir='ltr'><strong>usque</strong></span> <span class='ocrx_word' id='word_1_25' title='bbox 1207 834 1244 888; x_wconf 90' lang='lat' dir='ltr'><strong>ad</strong></span> <span class='ocrx_word' id='word_1_26' title='bbox 1257 841 1390 906; x_wconf 71' lang='lat' dir='ltr'><strong>quarm</strong></span> 
     </span>
     <span class='ocr_line' id='line_1_4' title="bbox 443 917 1392 994; baseline 0.007 -22"><span class='ocrx_word' id='word_1_27' title='bbox 443 917 480 973; x_wconf 91' lang='lat' dir='ltr'><strong>D.</strong></span> <span class='ocrx_word' id='word_1_28' title='bbox 500 918 654 975; x_wconf 74' lang='lat' dir='ltr'><strong>iustiniani</strong></span> <span class='ocrx_word' id='word_1_29' title='bbox 675 920 809 992; x_wconf 91' lang='lat' dir='ltr'><strong>principis</strong></span> <span class='ocrx_word' id='word_1_30' title='bbox 832 926 862 975; x_wconf 86' lang='lat' dir='ltr'><strong>et</strong></span> <span class='ocrx_word' id='word_1_31' title='bbox 882 919 993 975; x_wconf 77' lang='lat' dir='ltr'>Paulini</span> <span class='ocrx_word' id='word_1_32' title='bbox 1016 919 1052 974; x_wconf 78' lang='lat' dir='ltr'><strong>V·</strong></span> <span class='ocrx_word' id='word_1_33' title='bbox 1077 919 1109 976; x_wconf 82' lang='grc'><strong>0.</strong></span> <span class='ocrx_word' id='word_1_34' title='bbox 1142 920 1315 977; x_wconf 79' lang='lat' dir='ltr'><strong>consulatum</strong></span> <span class='ocrx_word' id='word_1_35' title='bbox 1337 939 1392 994; x_wconf 84' lang='lat' dir='ltr'><strong>per</strong></span> 
     </span>
     <span class='ocr_line' id='line_1_5' title="bbox 443 1003 1591 1078; baseline 0 -19"><span class='ocrx_word' id='word_1_36' title='bbox 443 1005 570 1060; x_wconf 85' lang='lat' dir='ltr'><strong>consules</strong></span> <span class='ocrx_word' id='word_1_37' title='bbox 592 1013 722 1061; x_wconf 83' lang='lat' dir='ltr'><strong>romanos</strong></span> <span class='ocrx_word' id='word_1_38' title='bbox 744 1005 865 1078; x_wconf 85' lang='lat' dir='ltr'><strong>digestio</strong></span> <span class='ocrx_word' id='word_1_39' title='bbox 908 1043 1388 1064; x_wconf 87' lang='grc'><strong>..........</strong></span> <span class='ocrx_word' id='word_1_40' title='bbox 1513 1003 1591 1059; x_wconf 75' lang='grc'><strong>9469.</strong></span> 
     </span>
     <span class='ocr_line' id='line_1_6' title="bbox 270 1089 1590 1165; baseline -0.004 -18"><span class='ocrx_word' id='word_1_41' title='bbox 270 1091 480 1160; x_wconf 75' lang='lat' dir='ltr'><strong>sambucus,</strong></span> <span class='ocrx_word' id='word_1_42' title='bbox 502 1090 661 1155; x_wconf 83' lang='lat' dir='ltr'><strong>Johannes.</strong></span> <span class='ocrx_word' id='word_1_43' title='bbox 690 1092 835 1165; x_wconf 72' lang='lat' dir='ltr'><strong>Epistulae</strong></span> <span class='ocrx_word' id='word_1_44' title='bbox 856 1091 893 1146; x_wconf 89' lang='lat' dir='ltr'><strong>ad</strong></span> <span class='ocrx_word' id='word_1_45' title='bbox 915 1090 1018 1148; x_wconf 86' lang='lat' dir='ltr'><strong>amicos</strong></span> <span class='ocrx_word' id='word_1_46' title='bbox 1041 1097 1070 1146; x_wconf 91' lang='lat' dir='ltr'><strong>et</strong></span> <span class='ocrx_word' id='word_1_47' title='bbox 1091 1091 1243 1148; x_wconf 88' lang='lat' dir='ltr'><strong>amicorum</strong></span> <span class='ocrx_word' id='word_1_48' title='bbox 1264 1095 1301 1149; x_wconf 88' lang='lat' dir='ltr'><strong>ad</strong></span> <span class='ocrx_word' id='word_1_49' title='bbox 1322 1111 1389 1150; x_wconf 86' lang='lat' dir='ltr'><strong>eum</strong></span> <span class='ocrx_word' id='word_1_50' title='bbox 1511 1089 1590 1145; x_wconf 80' lang='grc'><strong>9790.</strong></span> 
     </span>
     <span class='ocr_line' id='line_1_7' title="bbox 312 1166 1590 1251; baseline -0.002 -17"><span class='ocrx_word' id='word_1_51' title='bbox 312 1205 354 1216; x_wconf 84' lang='lat'><strong>-·</strong></span> <span class='ocrx_word' id='word_1_52' title='bbox 396 1177 540 1251; x_wconf 86' lang='lat' dir='ltr'><strong>Epistolac</strong></span> <span class='ocrx_word' id='word_1_53' title='bbox 562 1179 598 1232; x_wconf 92' lang='lat' dir='ltr'><strong>ad</strong></span> <span class='ocrx_word' id='word_1_54' title='bbox 620 1178 769 1251; x_wconf 88' lang='lat' dir='ltr'><strong>Hugonem</strong></span> <span class='ocrx_word' id='word_1_55' title='bbox 792 1177 914 1233; x_wconf 90' lang='lat' dir='ltr'><strong>Blotium</strong></span> <span class='ocrx_word' id='word_1_56' title='bbox 959 1213 1279 1233; x_wconf 85' lang='grc'><strong>.......</strong></span> <span class='ocrx_word' id='word_1_57' title='bbox 1308 1220 1333 1240; x_wconf 87' lang='grc'><strong>,.</strong></span> <span class='ocrx_word' id='word_1_58' title='bbox 1397 1166 1590 1234; x_wconf 72' lang='grc'><strong>9737’·“·”.</strong></span> 
     </span>
     <span class='ocr_line' id='line_1_8' title="bbox 313 1263 1383 1338; baseline 0.003 -19"><span class='ocrx_word' id='word_1_59' title='bbox 313 1293 352 1304; x_wconf 87' lang='lat'>-</span> <span class='ocrx_word' id='word_1_60' title='bbox 397 1265 442 1320; x_wconf 88' lang='lat' dir='ltr'><strong>De</strong></span> <span class='ocrx_word' id='word_1_61' title='bbox 462 1266 608 1337; x_wconf 86' lang='lat' dir='ltr'><strong>majestate</strong></span> <span class='ocrx_word' id='word_1_62' title='bbox 629 1263 803 1338; x_wconf 88' lang='lat' dir='ltr'><strong>imperatoris</strong></span> <span class='ocrx_word' id='word_1_63' title='bbox 826 1271 855 1319; x_wconf 87' lang='lat' dir='ltr'><strong>et</strong></span> <span class='ocrx_word' id='word_1_64' title='bbox 875 1263 1056 1336; x_wconf 84' lang='lat' dir='ltr'><strong>quorumdam</strong></span> <span class='ocrx_word' id='word_1_65' title='bbox 1078 1263 1250 1336; x_wconf 87' lang='lat' dir='ltr'><strong>praejudicio</strong></span> <span class='ocrx_word' id='word_1_66' title='bbox 1272 1267 1331 1322; x_wconf 81' lang='lat' dir='ltr'><strong>sive</strong></span> <span class='ocrx_word' id='word_1_67' title='bbox 1346 1268 1383 1322; x_wconf 90' lang='lat' dir='ltr'><strong>de</strong></span> 
     </span>
     <span class='ocr_line' id='line_1_9' title="bbox 442 1349 1592 1422; baseline 0.003 -18"><span class='ocrx_word' id='word_1_68' title='bbox 442 1349 594 1406; x_wconf 74' lang='lat' dir='ltr'><strong>donatione</strong></span> <span class='ocrx_word' id='word_1_69' title='bbox 615 1349 846 1407; x_wconf 76' lang='lat' dir='ltr'><strong>Constantiniana</strong></span> <span class='ocrx_word' id='word_1_70' title='bbox 868 1351 987 1422; x_wconf 85' lang='lat' dir='ltr'><strong>epistola</strong></span> <span class='ocrx_word' id='word_1_71' title='bbox 1012 1389 1386 1407; x_wconf 90' lang='lat'><strong>........</strong></span> <span class='ocrx_word' id='word_1_72' title='bbox 1457 1352 1550 1420; x_wconf 75' lang='lat'><strong>9534,</strong></span> <span class='ocrx_word' id='word_1_73' title='bbox 1570 1353 1592 1407; x_wconf 94' lang='grc'><strong>1.</strong></span> 
     </span>
     <span class='ocr_line' id='line_1_10' title="bbox 310 1433 1389 1509; baseline 0.001 -16"><span class='ocrx_word' id='word_1_74' title='bbox 310 1467 353 1478; x_wconf 83' lang='lat'><strong>-·—</strong></span> <span class='ocrx_word' id='word_1_75' title='bbox 396 1435 554 1508; x_wconf 82' lang='lat' dir='ltr'><strong>inscriptio,</strong></span> <span class='ocrx_word' id='word_1_76' title='bbox 577 1454 634 1509; x_wconf 88' lang='lat' dir='ltr'><strong>qua</strong></span> <span class='ocrx_word' id='word_1_77' title='bbox 655 1437 847 1494; x_wconf 83' lang='lat' dir='ltr'><strong>Maximiliano</strong></span> <span class='ocrx_word' id='word_1_78' title='bbox 862 1437 898 1492; x_wconf 91' lang='grc' dir='ltr'><strong>Π.</strong></span> <span class='ocrx_word' id='word_1_79' title='bbox 922 1436 1086 1508; x_wconf 74' lang='lat' dir='ltr'><strong>Imperatori</strong></span> <span class='ocrx_word' id='word_1_80' title='bbox 1109 1436 1290 1493; x_wconf 77' lang='lat' dir='ltr'><strong>eou10841</strong></span> <span class='ocrx_word' id='word_1_81' title='bbox 1312 1433 1389 1509; x_wconf 81' lang='lat' dir='ltr'><strong>[Phi-</strong></span> 
     </span>
     <span class='ocr_line' id='line_1_11' title="bbox 441 1516 1594 1594; baseline -0.001 -16"><span class='ocrx_word' id='word_1_82' title='bbox 441 1522 492 1578; x_wconf 87' lang='lat' dir='ltr'><strong>los.</strong></span> <span class='ocrx_word' id='word_1_83' title='bbox 511 1516 570 1594; x_wconf 74' lang='lat' dir='ltr'><strong>tu]</strong></span> <span class='ocrx_word' id='word_1_84' title='bbox 595 1523 667 1579; x_wconf 92' lang='lat' dir='ltr'><strong>dono</strong></span> <span class='ocrx_word' id='word_1_85' title='bbox 689 1525 748 1578; x_wconf 78' lang='lat' dir='ltr'><strong>dat.</strong></span> <span class='ocrx_word' id='word_1_86' title='bbox 801 1557 1390 1579; x_wconf 82' lang='grc'><strong>............</strong></span> <span class='ocrx_word' id='word_1_87' title='bbox 1493 1521 1594 1578; x_wconf 74' lang='lat' dir='ltr'><strong>tutu.</strong></span> 
     </span>
     <span class='ocr_line' id='line_1_12' title="bbox 311 1607 1594 1681; baseline -0.004 -15"><span class='ocrx_word' id='word_1_88' title='bbox 311 1639 352 1652; x_wconf 82' lang='lat'><strong>-</strong></span> <span class='ocrx_word' id='word_1_89' title='bbox 396 1607 531 1666; x_wconf 69' lang='lat' dir='ltr'><strong>collectio</strong></span> <span class='ocrx_word' id='word_1_90' title='bbox 554 1609 750 1681; x_wconf 75' lang='lat' dir='ltr'><strong>opusculorum</strong></span> <span class='ocrx_word' id='word_1_91' title='bbox 772 1613 916 1681; x_wconf 77' lang='lat' dir='ltr'><strong>poetarum</strong></span> <span class='ocrx_word' id='word_1_92' title='bbox 938 1608 1074 1664; x_wconf 87' lang='lat' dir='ltr'><strong>Italorum</strong></span> <span class='ocrx_word' id='word_1_93' title='bbox 1118 1648 1388 1665; x_wconf 87' lang='lat'><strong>......</strong></span> <span class='ocrx_word' id='word_1_94' title='bbox 1514 1609 1594 1664; x_wconf 84' lang='grc'><strong>9971.</strong></span> 
     </span>
     <span class='ocr_line' id='line_1_13' title="bbox 310 1693 1593 1767; baseline -0.002 -15"><span class='ocrx_word' id='word_1_95' title='bbox 310 1725 353 1737; x_wconf 90' lang='grc'>-</span> <span class='ocrx_word' id='word_1_96' title='bbox 396 1695 531 1752; x_wconf 80' lang='lat' dir='ltr'><strong>Caesares</strong></span> <span class='ocrx_word' id='word_1_97' title='bbox 553 1695 662 1751; x_wconf 78' lang='lat' dir='ltr'><strong>Austrii</strong></span> <span class='ocrx_word' id='word_1_98' title='bbox 683 1697 780 1752; x_wconf 88' lang='lat' dir='ltr'><strong>decem</strong></span> <span class='ocrx_word' id='word_1_99' title='bbox 801 1694 934 1766; x_wconf 71' lang='lat' dir='ltr'><strong>descripti</strong></span> <span class='ocrx_word' id='word_1_100' title='bbox 958 1693 1076 1750; x_wconf 87' lang='lat' dir='ltr'><strong>totidem</strong></span> <span class='ocrx_word' id='word_1_101' title='bbox 1099 1695 1349 1767; x_wconf 66' lang='lat' dir='ltr'><strong>epigrammatibus</strong></span> <span class='ocrx_word' id='word_1_102' title='bbox 1382 1737 1388 1750; x_wconf 94' lang='lat'><em>.</em></span> <span class='ocrx_word' id='word_1_103' title='bbox 1458 1695 1593 1765; x_wconf 55' lang='lat' dir='ltr'><strong>aeaut„</strong></span> 
     </span>
     <span class='ocr_line' id='line_1_14' title="bbox 312 1781 1593 1854; baseline -0.003 -17"><span class='ocrx_word' id='word_1_104' title='bbox 312 1815 351 1825; x_wconf 94' lang='lat'>—</span> <span class='ocrx_word' id='word_1_105' title='bbox 395 1781 526 1837; x_wconf 79' lang='lat' dir='ltr'><strong>Disticha</strong></span> <span class='ocrx_word' id='word_1_106' title='bbox 547 1782 585 1837; x_wconf 84' lang='lat' dir='ltr'><strong>ad</strong></span> <span class='ocrx_word' id='word_1_107' title='bbox 606 1782 768 1854; x_wconf 78' lang='lat' dir='ltr'><strong>Magdalum</strong></span> <span class='ocrx_word' id='word_1_108' title='bbox 790 1781 926 1854; x_wconf 82' lang='lat' dir='ltr'><strong>virginem</strong></span> <span class='ocrx_word' id='word_1_109' title='bbox 956 1819 1388 1836; x_wconf 90' lang='grc'><strong>.........</strong></span> <span class='ocrx_word' id='word_1_110' title='bbox 1417 1781 1593 1843; x_wconf 82' lang='grc'><strong>9977,191.</strong></span> 
     </span>
     <span class='ocr_line' id='line_1_15' title="bbox 309 1865 1592 1940; baseline -0.002 -16"><span class='ocrx_word' id='word_1_111' title='bbox 309 1897 352 1908; x_wconf 92' lang='lat'><em>-</em></span> <span class='ocrx_word' id='word_1_112' title='bbox 394 1867 530 1924; x_wconf 84' lang='lat' dir='ltr'><strong>Tumulus</strong></span> <span class='ocrx_word' id='word_1_113' title='bbox 556 1867 676 1924; x_wconf 87' lang='lat' dir='ltr'><strong>Ursulae</strong></span> <span class='ocrx_word' id='word_1_114' title='bbox 705 1868 841 1924; x_wconf 86' lang='lat' dir='ltr'><strong>Turnouis</strong></span> <span class='ocrx_word' id='word_1_115' title='bbox 864 1867 990 1940; x_wconf 76' lang='lat' dir='ltr'><strong>cony‘ugia</strong></span> <span class='ocrx_word' id='word_1_116' title='bbox 1013 1865 1122 1922; x_wconf 88' lang='lat' dir='ltr'><strong>comitis</strong></span> <span class='ocrx_word' id='word_1_117' title='bbox 1144 1865 1214 1922; x_wconf 85' lang='lat' dir='ltr'><strong>Julii</strong></span> <span class='ocrx_word' id='word_1_118' title='bbox 1237 1865 1390 1924; x_wconf 84' lang='lat' dir='ltr'><strong>Salmansis</strong></span> <span class='ocrx_word' id='word_1_119' title='bbox 1443 1867 1592 1934; x_wconf 82' lang='grc'><strong>9977,41.</strong></span> 
     </span>
     <span class='ocr_line' id='line_1_16' title="bbox 312 1952 1591 2024; baseline -0.002 -16"><span class='ocrx_word' id='word_1_120' title='bbox 312 1983 351 2010; x_wconf 81' lang='lat'><strong>.—</strong></span> <span class='ocrx_word' id='word_1_121' title='bbox 386 1953 529 2010; x_wconf 72' lang='lat' dir='ltr'><strong>-coturuix</strong></span> <span class='ocrx_word' id='word_1_122' title='bbox 550 1953 672 2010; x_wconf 84' lang='lat' dir='ltr'><strong>Tinellia</strong></span> <span class='ocrx_word' id='word_1_123' title='bbox 694 1990 1386 2011; x_wconf 91' lang='grc'><strong>..............</strong></span> <span class='ocrx_word' id='word_1_124' title='bbox 1417 1952 1591 2024; x_wconf 87' lang='grc'><strong>9977,109.</strong></span> 
     </span>
     <span class='ocr_line' id='line_1_17' title="bbox 226 2035 1591 2112; baseline -0.001 -15"><span class='ocrx_word' id='word_1_125' title='bbox 226 2037 233 2050; x_wconf 82' lang='grc'><em>“</em></span> <span class='ocrx_word' id='word_1_126' title='bbox 313 2070 351 2082; x_wconf 86' lang='grc'><em>-</em></span> <span class='ocrx_word' id='word_1_127' title='bbox 394 2041 512 2097; x_wconf 72' lang='lat' dir='ltr'><strong>scenae</strong></span> <span class='ocrx_word' id='word_1_128' title='bbox 534 2041 572 2096; x_wconf 87' lang='lat' dir='ltr'><strong>ad</strong></span> <span class='ocrx_word' id='word_1_129' title='bbox 592 2040 771 2112; x_wconf 88' lang='lat' dir='ltr'><strong>Rudolphum</strong></span> <span class='ocrx_word' id='word_1_130' title='bbox 791 2039 904 2109; x_wconf 86' lang='lat' dir='ltr'><strong>Khuen,</strong></span> <span class='ocrx_word' id='word_1_131' title='bbox 930 2035 1010 2093; x_wconf 74' lang='lat'>1575</span> <span class='ocrx_word' id='word_1_132' title='bbox 1061 2075 1388 2094; x_wconf 91' lang='grc'><strong>.......</strong></span> <span class='ocrx_word' id='word_1_133' title='bbox 1415 2039 1516 2102; x_wconf 87' lang='grc'><strong>9977,</strong></span> <span class='ocrx_word' id='word_1_134' title='bbox 1532 2037 1591 2095; x_wconf 68' lang='grc'><strong>119.</strong></span> 
     </span>
     <span class='ocr_line' id='line_1_18' title="bbox 311 2122 1643 2199; baseline -0.002 -17"><span class='ocrx_word' id='word_1_135' title='bbox 311 2137 365 2165; x_wconf 78' lang='grc'><strong>-“</strong></span> <span class='ocrx_word' id='word_1_136' title='bbox 395 2126 578 2198; x_wconf 72' lang='lat' dir='ltr'><strong>Epitaphium</strong></span> <span class='ocrx_word' id='word_1_137' title='bbox 598 2143 731 2199; x_wconf 86' lang='lat' dir='ltr'><strong>graecum</strong></span> <span class='ocrx_word' id='word_1_138' title='bbox 752 2125 926 2185; x_wconf 76' lang='lat' dir='ltr'><strong>Perdiuandi</strong></span> <span class='ocrx_word' id='word_1_139' title='bbox 947 2122 1077 2180; x_wconf 76' lang='lat' dir='ltr'><strong>Caesaris</strong></span> <span class='ocrx_word' id='word_1_140' title='bbox 1114 2163 1387 2182; x_wconf 91' lang='grc'><strong>......</strong></span> <span class='ocrx_word' id='word_1_141' title='bbox 1441 2123 1591 2188; x_wconf 59' lang='grc'><strong>997719.</strong></span> <span class='ocrx_word' id='word_1_142' title='bbox 1641 2167 1643 2194; x_wconf 78' lang='grc'><strong>,</strong></span> 
     </span>
     <span class='ocr_line' id='line_1_19' title="bbox 312 2208 1643 2286; baseline 0 -16"><span class='ocrx_word' id='word_1_143' title='bbox 312 2243 353 2254; x_wconf 92' lang='grc'>-</span> <span class='ocrx_word' id='word_1_144' title='bbox 397 2211 518 2270; x_wconf 74' lang='lat' dir='ltr'><strong>casinen</strong></span> <span class='ocrx_word' id='word_1_145' title='bbox 550 2211 757 2286; x_wconf 81' lang='lat' dir='ltr'><strong>genethliacon</strong></span> <span class='ocrx_word' id='word_1_146' title='bbox 790 2213 827 2270; x_wconf 84' lang='lat' dir='ltr'><strong>sd</strong></span> <span class='ocrx_word' id='word_1_147' title='bbox 858 2210 1068 2268; x_wconf 84' lang='lat' dir='ltr'><strong>Eardinandum</strong></span> <span class='ocrx_word' id='word_1_148' title='bbox 1104 2208 1192 2264; x_wconf 84' lang='lat' dir='ltr'><strong>filium</strong></span> <span class='ocrx_word' id='word_1_149' title='bbox 1228 2211 1389 2268; x_wconf 84' lang='lat' dir='ltr'><strong>arebidncis</strong></span> <span class='ocrx_word' id='word_1_150' title='bbox 1641 2227 1643 2270; x_wconf 81' lang='lat' dir='ltr'><strong>l</strong></span> 
     </span>
     <span class='ocr_line' id='line_1_20' title="bbox 442 2297 1590 2366; baseline -0.003 -12"><span class='ocrx_word' id='word_1_151' title='bbox 442 2297 535 2354; x_wconf 76' lang='lat' dir='ltr'><strong>Caroli</strong></span> <span class='ocrx_word' id='word_1_152' title='bbox 590 2333 1388 2357; x_wconf 87' lang='grc'><strong>................</strong></span> <span class='ocrx_word' id='word_1_153' title='bbox 1442 2297 1590 2366; x_wconf 59' lang='grc'><strong>997711.</strong></span> 
     </span>
     <span class='ocr_line' id='line_1_21' title="bbox 312 2379 1642 2456; baseline -0.002 -15"><span class='ocrx_word' id='word_1_154' title='bbox 312 2415 354 2426; x_wconf 90' lang='lat'><strong>—-</strong></span> <span class='ocrx_word' id='word_1_155' title='bbox 397 2385 499 2441; x_wconf 86' lang='lat' dir='ltr'><strong>Preces</strong></span> <span class='ocrx_word' id='word_1_156' title='bbox 520 2402 572 2456; x_wconf 87' lang='lat' dir='ltr'><strong>pro</strong></span> <span class='ocrx_word' id='word_1_157' title='bbox 594 2384 772 2452; x_wconf 78' lang='lat' dir='ltr'><strong>Perdiuando</strong></span> <span class='ocrx_word' id='word_1_158' title='bbox 794 2383 853 2441; x_wconf 88' lang='lat' dir='ltr'><strong>lilio</strong></span> <span class='ocrx_word' id='word_1_159' title='bbox 875 2381 1034 2441; x_wconf 84' lang='lat' dir='ltr'><strong>archiducis</strong></span> <span class='ocrx_word' id='word_1_160' title='bbox 1056 2379 1151 2438; x_wconf 77' lang='lat' dir='ltr'><strong>Caroli</strong></span> <span class='ocrx_word' id='word_1_161' title='bbox 1177 2381 1389 2456; x_wconf 84' lang='lat' dir='ltr'><strong>hendecasylla·</strong></span> <span class='ocrx_word' id='word_1_162' title='bbox 1641 2449 1642 2452; x_wconf 10' lang='lat'>¹</span> 
     </span>
     <span class='ocr_line' id='line_1_22' title="bbox 440 2466 1591 2543; baseline -0.002 -17"><span class='ocrx_word' id='word_1_163' title='bbox 440 2470 485 2526; x_wconf 88' lang='lat' dir='ltr'><strong>bis</strong></span> <span class='ocrx_word' id='word_1_164' title='bbox 508 2477 660 2543; x_wconf 89' lang='lat' dir='ltr'><strong>conceptae</strong></span> <span class='ocrx_word' id='word_1_165' title='bbox 693 2507 1387 2528; x_wconf 90' lang='grc'><strong>..............</strong></span> <span class='ocrx_word' id='word_1_166' title='bbox 1442 2466 1591 2536; x_wconf 56' lang='grc'><strong>997719.</strong></span> 
     </span>
     <span class='ocr_line' id='line_1_23' title="bbox 312 2551 1390 2630; baseline -0.001 -16"><span class='ocrx_word' id='word_1_167' title='bbox 312 2586 352 2596; x_wconf 93' lang='lat'><em>-</em></span> <span class='ocrx_word' id='word_1_168' title='bbox 397 2555 517 2614; x_wconf 79' lang='lat' dir='ltr'><strong>German</strong></span> <span class='ocrx_word' id='word_1_169' title='bbox 545 2557 813 2630; x_wconf 74' lang='lat' dir='ltr'><strong>hendecasyllabum</strong></span> <span class='ocrx_word' id='word_1_170' title='bbox 842 2558 878 2612; x_wconf 87' lang='lat' dir='ltr'><strong>de</strong></span> <span class='ocrx_word' id='word_1_171' title='bbox 906 2553 1012 2628; x_wconf 88' lang='lat' dir='ltr'><strong>nuptiis</strong></span> <span class='ocrx_word' id='word_1_172' title='bbox 1041 2555 1077 2608; x_wconf 88' lang='lat' dir='ltr'><strong>D.</strong></span> <span class='ocrx_word' id='word_1_173' title='bbox 1108 2551 1277 2627; x_wconf 85' lang='lat' dir='ltr'><strong>Stotsingsri</strong></span> <span class='ocrx_word' id='word_1_174' title='bbox 1307 2556 1390 2613; x_wconf 85' lang='lat' dir='ltr'><strong>aulae</strong></span> 
     </span>
     <span class='ocr_line' id='line_1_24' title="bbox 360 2640 1590 2716; baseline -0.002 -18"><span class='ocrx_word' id='word_1_175' title='bbox 360 2664 362 2676; x_wconf 66' lang='lat'><strong>¹</strong></span> <span class='ocrx_word' id='word_1_176' title='bbox 440 2643 547 2698; x_wconf 85' lang='lat' dir='ltr'><strong>archid.</strong></span> <span class='ocrx_word' id='word_1_177' title='bbox 567 2644 703 2716; x_wconf 83' lang='lat' dir='ltr'><strong>praefecti</strong></span> <span class='ocrx_word' id='word_1_178' title='bbox 746 2678 1388 2699; x_wconf 88' lang='grc'><strong>.............</strong></span> <span class='ocrx_word' id='word_1_179' title='bbox 1442 2640 1590 2710; x_wconf 76' lang='grc'><strong>9977,.19</strong></span> 
     </span>
    </p>
   </div>
   <div class='ocr_carea' id='block_1_2' title="bbox 1642 0 1646 2158">
    <p class='ocr_par' dir='ltr' id='par_1_2' title="bbox 1642 0 1646 2158">
     <span class='ocr_line' id='line_1_25' title="bbox 1642 0 1646 2158; baseline 0 0"><span class='ocrx_word' id='word_1_180' title='bbox 1642 0 1646 2158; x_wconf 95' lang='lat' dir='ltr'><strong> </strong></span> 
     </span>
    </p>
   </div>
   <div class='ocr_carea' id='block_1_3' title="bbox 310 2812 1643 4782">
    <p class='ocr_par' dir='ltr' id='par_1_3' title="bbox 310 2812 1643 4782">
     <span class='ocr_line' id='line_1_26' title="bbox 441 2812 1591 2887; baseline -0.005 -15"><span class='ocrx_word' id='word_1_181' title='bbox 441 2816 579 2887; x_wconf 85' lang='lat' dir='ltr'><strong>ploranda</strong></span> <span class='ocrx_word' id='word_1_182' title='bbox 600 2817 637 2872; x_wconf 91' lang='lat' dir='ltr'><strong>sit</strong></span> <span class='ocrx_word' id='word_1_183' title='bbox 692 2849 1386 2871; x_wconf 85' lang='grc'><strong>..............</strong></span> <span class='ocrx_word' id='word_1_184' title='bbox 1441 2813 1535 2880; x_wconf 88' lang='grc'><strong>9977,</strong></span> <span class='ocrx_word' id='word_1_185' title='bbox 1550 2812 1591 2868; x_wconf 77' lang='grc'><strong>99</strong></span> 
     </span>
     <span class='ocr_line' id='line_1_27' title="bbox 310 2895 1592 2974; baseline -0.005 -16"><span class='ocrx_word' id='word_1_186' title='bbox 310 2929 353 2942; x_wconf 94' lang='grc'>-</span> <span class='ocrx_word' id='word_1_187' title='bbox 396 2902 552 2974; x_wconf 82' lang='lat' dir='ltr'><strong>Responsio</strong></span> <span class='ocrx_word' id='word_1_188' title='bbox 575 2903 611 2958; x_wconf 90' lang='lat' dir='ltr'><strong>ad</strong></span> <span class='ocrx_word' id='word_1_189' title='bbox 633 2919 746 2959; x_wconf 87' lang='lat' dir='ltr'><strong>carmen</strong></span> <span class='ocrx_word' id='word_1_190' title='bbox 772 2898 1039 2972; x_wconf 81' lang='lat' dir='ltr'><strong>hendecasyllabum</strong></span> <span class='ocrx_word' id='word_1_191' title='bbox 1067 2897 1099 2952; x_wconf 91' lang='lat' dir='ltr'><strong>P.</strong></span> <span class='ocrx_word' id='word_1_192' title='bbox 1122 2895 1244 2954; x_wconf 88' lang='lat' dir='ltr'><strong>Lotichii</strong></span> <span class='ocrx_word' id='word_1_193' title='bbox 1267 2897 1390 2955; x_wconf 82' lang='lat' dir='ltr'><strong>Secundi</strong></span> <span class='ocrx_word' id='word_1_194' title='bbox 1443 2900 1539 2968; x_wconf 87' lang='grc'><strong>9977,</strong></span> <span class='ocrx_word' id='word_1_195' title='bbox 1553 2899 1592 2953; x_wconf 78' lang='lat' dir='ltr'><strong>tt.</strong></span> 
     </span>
     <span class='ocr_line' id='line_1_28' title="bbox 313 2983 1390 3060; baseline -0.005 -15"><span class='ocrx_word' id='word_1_196' title='bbox 313 3015 354 3028; x_wconf 90' lang='lat'>-</span> <span class='ocrx_word' id='word_1_197' title='bbox 396 2989 569 3044; x_wconf 85' lang='lat' dir='ltr'><strong>Prudentiae</strong></span> <span class='ocrx_word' id='word_1_198' title='bbox 601 2987 729 3044; x_wconf 84' lang='lat' dir='ltr'><strong>militaris</strong></span> <span class='ocrx_word' id='word_1_199' title='bbox 761 2993 913 3060; x_wconf 80' lang='lat' dir='ltr'><strong>praecepta</strong></span> <span class='ocrx_word' id='word_1_200' title='bbox 945 2985 1028 3041; x_wconf 93' lang='lat' dir='ltr'><strong>modo</strong></span> <span class='ocrx_word' id='word_1_201' title='bbox 1055 2985 1150 3056; x_wconf 88' lang='lat' dir='ltr'><strong>legum</strong></span> <span class='ocrx_word' id='word_1_202' title='bbox 1171 2985 1200 3039; x_wconf 87' lang='lat' dir='ltr'>X</span> <span class='ocrx_word' id='word_1_203' title='bbox 1229 2983 1390 3041; x_wconf 86' lang='lat' dir='ltr'><strong>tabularum</strong></span> 
     </span>
     <span class='ocr_line' id='line_1_29' title="bbox 442 3070 1590 3146; baseline -0.007 -15"><span class='ocrx_word' id='word_1_204' title='bbox 442 3075 600 3146; x_wconf 87' lang='lat' dir='ltr'><strong>proposita,</strong></span> <span class='ocrx_word' id='word_1_205' title='bbox 625 3075 706 3130; x_wconf 83' lang='grc'><strong>1571</strong></span> <span class='ocrx_word' id='word_1_206' title='bbox 745 3109 1390 3129; x_wconf 86' lang='grc'><strong>.............</strong></span> <span class='ocrx_word' id='word_1_207' title='bbox 1491 3070 1590 3126; x_wconf 70' lang='grc'><strong>10199</strong></span> 
     </span>
     <span class='ocr_line' id='line_1_30' title="bbox 314 3155 1590 3234; baseline -0.005 -17"><span class='ocrx_word' id='word_1_208' title='bbox 314 3187 351 3202; x_wconf 88' lang='lat'><strong>·-</strong></span> <span class='ocrx_word' id='word_1_209' title='bbox 396 3158 442 3216; x_wconf 77' lang='lat' dir='ltr'><strong>Ad</strong></span> <span class='ocrx_word' id='word_1_210' title='bbox 464 3159 624 3232; x_wconf 84' lang='lat' dir='ltr'><strong>pontificem</strong></span> <span class='ocrx_word' id='word_1_211' title='bbox 646 3159 811 3234; x_wconf 80' lang='lat' dir='ltr'><strong>Agrieusem</strong></span> <span class='ocrx_word' id='word_1_212' title='bbox 835 3159 896 3216; x_wconf 81' lang='lat' dir='ltr'><strong>Nic.</strong></span> <span class='ocrx_word' id='word_1_213' title='bbox 920 3157 1040 3214; x_wconf 86' lang='lat' dir='ltr'><strong>Olahum</strong></span> <span class='ocrx_word' id='word_1_214' title='bbox 1062 3155 1235 3228; x_wconf 86' lang='lat' dir='ltr'><strong>epigramma</strong></span> <span class='ocrx_word' id='word_1_215' title='bbox 1255 3173 1388 3230; x_wconf 81' lang='lat' dir='ltr'><strong>graecum</strong></span> <span class='ocrx_word' id='word_1_216' title='bbox 1441 3157 1537 3223; x_wconf 89' lang='grc'><strong>9977,</strong></span> <span class='ocrx_word' id='word_1_217' title='bbox 1550 3155 1590 3210; x_wconf 66' lang='lat' dir='ltr'><strong>ti</strong></span> 
     </span>
     <span class='ocr_line' id='line_1_31' title="bbox 1069 3241 1591 3314; baseline -0.004 -16"><span class='ocrx_word' id='word_1_218' title='bbox 1069 3242 1241 3314; x_wconf 81' lang='lat' dir='ltr'><strong>epigramma</strong></span> <span class='ocrx_word' id='word_1_219' title='bbox 1267 3243 1386 3298; x_wconf 79' lang='lat' dir='ltr'><strong>htinum</strong></span> <span class='ocrx_word' id='word_1_220' title='bbox 1440 3241 1591 3312; x_wconf 64' lang='lat' dir='ltr'><strong>aalma</strong></span> 
     </span>
     <span class='ocr_line' id='line_1_32' title="bbox 314 3328 1591 3401; baseline -0.005 -12"><span class='ocrx_word' id='word_1_221' title='bbox 314 3359 354 3372; x_wconf 92' lang='lat'>-</span> <span class='ocrx_word' id='word_1_222' title='bbox 398 3331 511 3389; x_wconf 87' lang='lat' dir='ltr'><strong>Summa</strong></span> <span class='ocrx_word' id='word_1_223' title='bbox 533 3332 607 3390; x_wconf 83' lang='lat' dir='ltr'><strong>vitae</strong></span> <span class='ocrx_word' id='word_1_224' title='bbox 629 3331 798 3389; x_wconf 55' lang='lat' dir='ltr'><strong>Manae</strong></span> <span class='ocrx_word' id='word_1_225' title='bbox 820 3331 940 3388; x_wconf 89' lang='lat' dir='ltr'><strong>disticho</strong></span> <span class='ocrx_word' id='word_1_226' title='bbox 962 3328 1164 3401; x_wconf 90' lang='lat' dir='ltr'><strong>comprehensa</strong></span> <span class='ocrx_word' id='word_1_227' title='bbox 1219 3368 1227 3382; x_wconf 93' lang='lat'>.</span> <span class='ocrx_word' id='word_1_228' title='bbox 1270 3367 1279 3384; x_wconf 89' lang='lat'><strong>.</strong></span> <span class='ocrx_word' id='word_1_229' title='bbox 1323 3367 1331 3384; x_wconf 93' lang='lat'><strong>.</strong></span> <span class='ocrx_word' id='word_1_230' title='bbox 1378 3371 1384 3384; x_wconf 95' lang='lat'>.</span> <span class='ocrx_word' id='word_1_231' title='bbox 1439 3329 1534 3392; x_wconf 90' lang='grc'><strong>9977,</strong></span> <span class='ocrx_word' id='word_1_232' title='bbox 1549 3329 1591 3382; x_wconf 71' lang='grc'><strong>91</strong></span> 
     </span>
     <span class='ocr_line' id='line_1_33' title="bbox 316 3413 1392 3492; baseline -0.004 -18"><span class='ocrx_word' id='word_1_233' title='bbox 316 3451 350 3464; x_wconf 88' lang='grc'>-</span> <span class='ocrx_word' id='word_1_234' title='bbox 370 3453 373 3458; x_wconf 88' lang='lat'>·</span> <span class='ocrx_word' id='word_1_235' title='bbox 396 3417 578 3491; x_wconf 80' lang='lat' dir='ltr'><strong>Epigramma</strong></span> <span class='ocrx_word' id='word_1_236' title='bbox 599 3420 634 3476; x_wconf 91' lang='lat' dir='ltr'><strong>de</strong></span> <span class='ocrx_word' id='word_1_237' title='bbox 656 3419 787 3492; x_wconf 83' lang='lat' dir='ltr'><strong>conjugio</strong></span> <span class='ocrx_word' id='word_1_238' title='bbox 809 3417 947 3491; x_wconf 74' lang='lat' dir='ltr'><strong>Alphonsi</strong></span> <span class='ocrx_word' id='word_1_239' title='bbox 970 3415 1106 3488; x_wconf 73' lang='lat' dir='ltr'><strong>spinulae</strong></span> <span class='ocrx_word' id='word_1_240' title='bbox 1127 3420 1155 3471; x_wconf 87' lang='lat' dir='ltr'><strong>et</strong></span> <span class='ocrx_word' id='word_1_241' title='bbox 1175 3413 1322 3472; x_wconf 87' lang='lat' dir='ltr'><strong>Leonorae</strong></span> <span class='ocrx_word' id='word_1_242' title='bbox 1335 3413 1392 3470; x_wconf 85' lang='lat' dir='ltr'><strong>Bo·</strong></span> 
     </span>
     <span class='ocr_line' id='line_1_34' title="bbox 443 3499 1591 3574; baseline -0.006 -13"><span class='ocrx_word' id='word_1_243' title='bbox 443 3505 597 3562; x_wconf 84' lang='lat' dir='ltr'><strong>boretanae</strong></span> <span class='ocrx_word' id='word_1_244' title='bbox 641 3539 1390 3562; x_wconf 88' lang='grc'><strong>...............</strong></span> <span class='ocrx_word' id='word_1_245' title='bbox 1455 3501 1550 3574; x_wconf 83' lang='grc'><strong>9099,</strong></span> <span class='ocrx_word' id='word_1_246' title='bbox 1569 3499 1591 3554; x_wconf 81' lang='grc'><strong>9</strong></span> 
     </span>
     <span class='ocr_line' id='line_1_35' title="bbox 313 3585 1591 3664; baseline -0.005 -18"><span class='ocrx_word' id='word_1_247' title='bbox 313 3617 353 3629; x_wconf 89' lang='grc'><strong>-</strong></span> <span class='ocrx_word' id='word_1_248' title='bbox 397 3590 577 3664; x_wconf 74' lang='lat' dir='ltr'><strong>Epigramma</strong></span> <span class='ocrx_word' id='word_1_249' title='bbox 599 3589 628 3646; x_wconf 90' lang='lat' dir='ltr'><strong>in</strong></span> <span class='ocrx_word' id='word_1_250' title='bbox 650 3608 729 3646; x_wconf 88' lang='lat' dir='ltr'><strong>arma</strong></span> <span class='ocrx_word' id='word_1_251' title='bbox 749 3590 890 3663; x_wconf 87' lang='lat' dir='ltr'><strong>gentilitia</strong></span> <span class='ocrx_word' id='word_1_252' title='bbox 911 3588 1103 3644; x_wconf 87' lang='lat' dir='ltr'><strong>marchionum</strong></span> <span class='ocrx_word' id='word_1_253' title='bbox 1124 3585 1329 3643; x_wconf 85' lang='lat' dir='ltr'><strong>Finariensinm</strong></span> <span class='ocrx_word' id='word_1_254' title='bbox 1381 3628 1388 3643; x_wconf 93' lang='lat'>.</span> <span class='ocrx_word' id='word_1_255' title='bbox 1432 3587 1529 3655; x_wconf 88' lang='grc'><strong>9099,</strong></span> <span class='ocrx_word' id='word_1_256' title='bbox 1552 3586 1591 3640; x_wconf 85' lang='lat' dir='ltr'><strong>lll</strong></span> 
     </span>
     <span class='ocr_line' id='line_1_36' title="bbox 313 3671 1391 3750; baseline -0.005 -16"><span class='ocrx_word' id='word_1_257' title='bbox 313 3705 356 3716; x_wconf 93' lang='lat'>-</span> <span class='ocrx_word' id='word_1_258' title='bbox 398 3677 575 3734; x_wconf 86' lang='lat' dir='ltr'><strong>Emblemata</strong></span> <span class='ocrx_word' id='word_1_259' title='bbox 590 3683 618 3734; x_wconf 85' lang='lat' dir='ltr'><strong>et</strong></span> <span class='ocrx_word' id='word_1_260' title='bbox 633 3677 740 3750; x_wconf 87' lang='lat' dir='ltr'><strong>aliquot</strong></span> <span class='ocrx_word' id='word_1_261' title='bbox 754 3677 860 3733; x_wconf 88' lang='lat' dir='ltr'><strong>nummi</strong></span> <span class='ocrx_word' id='word_1_262' title='bbox 875 3675 993 3748; x_wconf 85' lang='lat' dir='ltr'><strong>antiqui,</strong></span> <span class='ocrx_word' id='word_1_263' title='bbox 1008 3673 1094 3729; x_wconf 86' lang='lat' dir='ltr'><strong>tertia</strong></span> <span class='ocrx_word' id='word_1_264' title='bbox 1107 3671 1203 3729; x_wconf 89' lang='lat' dir='ltr'><strong>editio.</strong></span> <span class='ocrx_word' id='word_1_265' title='bbox 1219 3671 1391 3743; x_wconf 80' lang='lat' dir='ltr'><strong>Antrospise</strong></span> 
     </span>
     <span class='ocr_line' id='line_1_37' title="bbox 313 3843 1391 3920; baseline -0.005 -15"><span class='ocrx_word' id='word_1_266' title='bbox 313 3877 355 3888; x_wconf 89' lang='lat'><em>-</em></span> <span class='ocrx_word' id='word_1_267' title='bbox 398 3849 444 3904; x_wconf 81' lang='lat' dir='ltr'><strong>Ad</strong></span> <span class='ocrx_word' id='word_1_268' title='bbox 465 3849 617 3906; x_wconf 78' lang='lat' dir='ltr'><strong>Antonium</strong></span> <span class='ocrx_word' id='word_1_269' title='bbox 640 3848 806 3906; x_wconf 86' lang='lat' dir='ltr'><strong>Verautium</strong></span> <span class='ocrx_word' id='word_1_270' title='bbox 837 3847 923 3920; x_wconf 88' lang='lat' dir='ltr'><strong>episc.</strong></span> <span class='ocrx_word' id='word_1_271' title='bbox 948 3845 1114 3920; x_wconf 78' lang='lat' dir='ltr'><strong>Agriensem</strong></span> <span class='ocrx_word' id='word_1_272' title='bbox 1144 3859 1207 3900; x_wconf 91' lang='lat' dir='ltr'><strong>cum</strong></span> <span class='ocrx_word' id='word_1_273' title='bbox 1236 3843 1332 3902; x_wconf 87' lang='lat' dir='ltr'><strong>libello</strong></span> <span class='ocrx_word' id='word_1_274' title='bbox 1355 3845 1391 3900; x_wconf 85' lang='lat' dir='ltr'><strong>do</strong></span> 
     </span>
     <span class='ocr_line' id='line_1_38' title="bbox 444 3929 1591 4000; baseline -0.007 -8"><span class='ocrx_word' id='word_1_275' title='bbox 444 3936 599 3992; x_wconf 87' lang='lat' dir='ltr'><strong>imitatione</strong></span> <span class='ocrx_word' id='word_1_276' title='bbox 643 3970 1070 3990; x_wconf 78' lang='lat'><strong>.........</strong></span> <span class='ocrx_word' id='word_1_277' title='bbox 1083 3947 1093 3970; x_wconf 81' lang='lat'><strong>¹</strong></span> <span class='ocrx_word' id='word_1_278' title='bbox 1115 3967 1388 3986; x_wconf 86' lang='lat'><strong>......</strong></span> <span class='ocrx_word' id='word_1_279' title='bbox 1439 3931 1535 4000; x_wconf 89' lang='grc'><strong>9977,</strong></span> <span class='ocrx_word' id='word_1_280' title='bbox 1549 3929 1591 3984; x_wconf 83' lang='grc'><strong>95.</strong></span> 
     </span>
     <span class='ocr_line' id='line_1_39' title="bbox 317 4007 1643 4091; baseline -0.007 -11"><span class='ocrx_word' id='word_1_281' title='bbox 317 4053 353 4064; x_wconf 89' lang='grc'><strong>-</strong></span> <span class='ocrx_word' id='word_1_282' title='bbox 398 4021 478 4079; x_wconf 86' lang='lat' dir='ltr'><strong>Varii</strong></span> <span class='ocrx_word' id='word_1_283' title='bbox 493 4022 548 4078; x_wconf 91' lang='lat' dir='ltr'><strong>loci</strong></span> <span class='ocrx_word' id='word_1_284' title='bbox 561 4020 759 4078; x_wconf 84' lang='lat' dir='ltr'><strong>Demosthenis</strong></span> <span class='ocrx_word' id='word_1_285' title='bbox 775 4025 804 4076; x_wconf 90' lang='lat' dir='ltr'><strong>et</strong></span> <span class='ocrx_word' id='word_1_286' title='bbox 817 4017 939 4091; x_wconf 90' lang='lat' dir='ltr'><strong>Polybii,</strong></span> <span class='ocrx_word' id='word_1_287' title='bbox 963 4035 1033 4090; x_wconf 84' lang='lat' dir='ltr'><strong>quos</strong></span> <span class='ocrx_word' id='word_1_288' title='bbox 1048 4035 1082 4074; x_wconf 83' lang='lat' dir='ltr'><strong>es</strong></span> <span class='ocrx_word' id='word_1_289' title='bbox 1096 4023 1151 4073; x_wconf 81' lang='lat' dir='ltr'><strong>vet</strong></span> <span class='ocrx_word' id='word_1_290' title='bbox 1167 4017 1230 4072; x_wconf 89' lang='lat' dir='ltr'><strong>cod.</strong></span> <span class='ocrx_word' id='word_1_291' title='bbox 1245 4015 1390 4074; x_wconf 81' lang='lat' dir='ltr'><strong>restitutos</strong></span> <span class='ocrx_word' id='word_1_292' title='bbox 1641 4007 1643 4026; x_wconf 80' lang='lat'><strong><em>⁵</em></strong></span> 
     </span>
     <span class='ocr_line' id='line_1_40' title="bbox 445 4099 1593 4175; baseline -0.007 -11"><span class='ocrx_word' id='word_1_293' title='bbox 445 4107 660 4164; x_wconf 84' lang='lat' dir='ltr'><strong>communicavit</strong></span> <span class='ocrx_word' id='word_1_294' title='bbox 675 4107 759 4162; x_wconf 87' lang='lat' dir='ltr'><strong>Petro</strong></span> <span class='ocrx_word' id='word_1_295' title='bbox 774 4105 900 4162; x_wconf 89' lang='lat' dir='ltr'><strong>Victorio</strong></span> <span class='ocrx_word' id='word_1_296' title='bbox 957 4099 974 4160; x_wconf 73' lang='grc'><strong>9</strong></span> <span class='ocrx_word' id='word_1_297' title='bbox 1012 4143 1020 4158; x_wconf 91' lang='grc'><strong>.</strong></span> <span class='ocrx_word' id='word_1_298' title='bbox 1067 4141 1073 4154; x_wconf 85' lang='grc'>-</span> <span class='ocrx_word' id='word_1_299' title='bbox 1118 4117 1144 4156; x_wconf 87' lang='grc'><strong>.·</strong></span> <span class='ocrx_word' id='word_1_300' title='bbox 1170 4139 1390 4158; x_wconf 90' lang='grc'><strong>.....</strong></span> <span class='ocrx_word' id='word_1_301' title='bbox 1439 4102 1593 4175; x_wconf 75' lang='grc'><strong>9977,10.</strong></span> 
     </span>
     <span class='ocr_line' id='line_1_41' title="bbox 315 4187 1395 4262; baseline -0.008 -10"><span class='ocrx_word' id='word_1_302' title='bbox 315 4221 356 4232; x_wconf 93' lang='lat'>-</span> <span class='ocrx_word' id='word_1_303' title='bbox 399 4193 504 4251; x_wconf 86' lang='lat' dir='ltr'><strong>Variae</strong></span> <span class='ocrx_word' id='word_1_304' title='bbox 525 4194 659 4250; x_wconf 81' lang='lat' dir='ltr'><strong>lectiones</strong></span> <span class='ocrx_word' id='word_1_305' title='bbox 680 4193 710 4248; x_wconf 88' lang='lat' dir='ltr'><strong>in</strong></span> <span class='ocrx_word' id='word_1_306' title='bbox 728 4191 940 4262; x_wconf 79' lang='lat' dir='ltr'><strong>Quintilianum,</strong></span> <span class='ocrx_word' id='word_1_307' title='bbox 963 4190 998 4245; x_wconf 81' lang='lat' dir='ltr'><strong>A.</strong></span> <span class='ocrx_word' id='word_1_308' title='bbox 1015 4187 1146 4262; x_wconf 84' lang='lat' dir='ltr'><strong>Gellium,</strong></span> <span class='ocrx_word' id='word_1_309' title='bbox 1167 4187 1350 4261; x_wconf 83' lang='lat' dir='ltr'><strong>Pbooylidem</strong></span> <span class='ocrx_word' id='word_1_310' title='bbox 1365 4195 1395 4244; x_wconf 87' lang='lat' dir='ltr'><strong>et</strong></span> 
     </span>
     <span class='ocr_line' id='line_1_42' title="bbox 446 4271 1643 4352; baseline -0.008 -16"><span class='ocrx_word' id='word_1_311' title='bbox 446 4280 640 4352; x_wconf 84' lang='lat' dir='ltr'><strong>Thucydidem</strong></span> <span class='ocrx_word' id='word_1_312' title='bbox 697 4313 1391 4334; x_wconf 82' lang='lat'><strong>..............</strong></span> <span class='ocrx_word' id='word_1_313' title='bbox 1439 4275 1535 4340; x_wconf 90' lang='grc'><strong>9977,</strong></span> <span class='ocrx_word' id='word_1_314' title='bbox 1549 4271 1643 4328; x_wconf 88' lang='grc'><strong>95</strong></span> 
     </span>
     <span class='ocr_line' id='line_1_43' title="bbox 318 4347 1643 4433; baseline -0.006 -10.479"><span class='ocrx_word' id='word_1_315' title='bbox 318 4366 433 4422; x_wconf 92' lang='lat' dir='ltr'><strong>-In</strong></span> <span class='ocrx_word' id='word_1_316' title='bbox 455 4365 599 4423; x_wconf 85' lang='lat' dir='ltr'><strong>historiam</strong></span> <span class='ocrx_word' id='word_1_317' title='bbox 613 4365 714 4422; x_wconf 84' lang='lat' dir='ltr'><strong>Vlloaa</strong></span> <span class='ocrx_word' id='word_1_318' title='bbox 736 4365 771 4420; x_wconf 88' lang='lat' dir='ltr'><strong>da</strong></span> <span class='ocrx_word' id='word_1_319' title='bbox 793 4361 1008 4420; x_wconf 79' lang='lat' dir='ltr'><strong>Eerdinandol.</strong></span> <span class='ocrx_word' id='word_1_320' title='bbox 1033 4360 1239 4433; x_wconf 83' lang='lat' dir='ltr'><strong>aliquotnotee</strong></span> <span class='ocrx_word' id='word_1_321' title='bbox 1253 4362 1289 4416; x_wconf 90' lang='lat' dir='ltr'><strong>sd</strong></span> <span class='ocrx_word' id='word_1_322' title='bbox 1305 4359 1394 4415; x_wconf 80' lang='lat' dir='ltr'><strong>blaxi-</strong></span> <span class='ocrx_word' id='word_1_323' title='bbox 1641 4347 1643 4404; x_wconf 89' lang='grc'><strong>1</strong></span> 
     </span>
     <span class='ocr_line' id='line_1_44' title="bbox 425 4441 1591 4525; baseline -0.009 -17"><span class='ocrx_word' id='word_1_324' title='bbox 425 4452 483 4508; x_wconf 90' lang='lat' dir='ltr'><strong>mil.</strong></span> <span class='ocrx_word' id='word_1_325' title='bbox 498 4452 565 4508; x_wconf 87' lang='lat' dir='ltr'><strong>IL</strong></span> <span class='ocrx_word' id='word_1_326' title='bbox 556 4471 613 4525; x_wconf 91' lang='lat' dir='ltr'><strong>1mp</strong></span> <span class='ocrx_word' id='word_1_327' title='bbox 616 4483 1391 4507; x_wconf 85' lang='lat'><strong>................</strong></span> <span class='ocrx_word' id='word_1_328' title='bbox 1461 4443 1552 4506; x_wconf 79' lang='grc'><strong>9099,</strong></span> <span class='ocrx_word' id='word_1_329' title='bbox 1568 4441 1591 4494; x_wconf 91' lang='grc'><strong>7</strong></span> 
     </span>
     <span class='ocr_line' id='line_1_45' title="bbox 316 4529 1592 4596; baseline -0.009 0"><span class='ocrx_word' id='word_1_330' title='bbox 316 4566 355 4580; x_wconf 86' lang='lat'><strong>·-</strong></span> <span class='ocrx_word' id='word_1_331' title='bbox 400 4537 507 4594; x_wconf 85' lang='lat' dir='ltr'><strong>Notula</strong></span> <span class='ocrx_word' id='word_1_332' title='bbox 528 4537 661 4594; x_wconf 87' lang='lat' dir='ltr'><strong>historica</strong></span> <span class='ocrx_word' id='word_1_333' title='bbox 682 4535 719 4591; x_wconf 88' lang='lat' dir='ltr'><strong>de</strong></span> <span class='ocrx_word' id='word_1_334' title='bbox 740 4533 866 4591; x_wconf 77' lang='lat' dir='ltr'><strong>s.1514</strong></span> <span class='ocrx_word' id='word_1_335' title='bbox 910 4567 1391 4589; x_wconf 88' lang='grc'><strong>..........</strong></span> <span class='ocrx_word' id='word_1_336' title='bbox 1459 4529 1552 4596; x_wconf 83' lang='grc'><strong>9099,</strong></span> <span class='ocrx_word' id='word_1_337' title='bbox 1566 4529 1592 4582; x_wconf 79' lang='grc'><strong>9.</strong></span> 
     </span>
     <span class='ocr_line' id='line_1_46' title="bbox 315 4613 1643 4699; baseline -0.009 -18"><span class='ocrx_word' id='word_1_338' title='bbox 315 4655 358 4668; x_wconf 92' lang='lat'><em>-</em></span> <span class='ocrx_word' id='word_1_339' title='bbox 400 4615 1074 4699; x_wconf 78' lang='lat' dir='ltr'><strong>Ephcmarldeshistoricaca.1568-1569.</strong></span> <span class='ocrx_word' id='word_1_340' title='bbox 1119 4660 1127 4676; x_wconf 90' lang='lat'><em>.</em></span> <span class='ocrx_word' id='word_1_341' title='bbox 1173 4657 1181 4671; x_wconf 89' lang='lat'><em>.</em></span> <span class='ocrx_word' id='word_1_342' title='bbox 1225 4651 1233 4669; x_wconf 84' lang='lat'><strong>·</strong></span> <span class='ocrx_word' id='word_1_343' title='bbox 1277 4657 1287 4675; x_wconf 86' lang='lat'><strong>.</strong></span> <span class='ocrx_word' id='word_1_344' title='bbox 1330 4659 1339 4674; x_wconf 92' lang='lat'><strong>.</strong></span> <span class='ocrx_word' id='word_1_345' title='bbox 1380 4613 1643 4686; x_wconf 64' lang='grc' dir='ltr'><strong>9099,1ά8Ι</strong></span> 
     </span>
     <span class='ocr_line' id='line_1_47' title="bbox 317 4701 1591 4782; baseline -0.006 -14"><span class='ocrx_word' id='word_1_346' title='bbox 317 4742 360 4756; x_wconf 86' lang='grc'>-</span> <span class='ocrx_word' id='word_1_347' title='bbox 403 4709 594 4769; x_wconf 84' lang='lat' dir='ltr'><strong>Inreutarium</strong></span> <span class='ocrx_word' id='word_1_348' title='bbox 619 4715 648 4766; x_wconf 89' lang='lat' dir='ltr'><strong>et</strong></span> <span class='ocrx_word' id='word_1_349' title='bbox 672 4707 829 4766; x_wconf 72' lang='lat' dir='ltr'><strong>cadmus</strong></span> <span class='ocrx_word' id='word_1_350' title='bbox 855 4707 1053 4782; x_wconf 84' lang='lat' dir='ltr'><strong>antiquitatum</strong></span> <span class='ocrx_word' id='word_1_351' title='bbox 1075 4701 1279 4777; x_wconf 74' lang='lat' dir='ltr'><strong>alibrum,</strong></span> <span class='ocrx_word' id='word_1_352' title='bbox 1305 4721 1392 4778; x_wconf 78' lang='lat' dir='ltr'><strong>garn.</strong></span> <span class='ocrx_word' id='word_1_353' title='bbox 1439 4703 1591 4776; x_wconf 85' lang='grc'><strong>9099,11.</strong></span> 
     </span>
    </p>
   </div>
   <div class='ocr_carea' id='block_1_4' title="bbox 0 0 1650 5452">
    <p class='ocr_par' dir='ltr' id='par_1_4' title="bbox 0 0 1650 5452">
     <span class='ocr_line' id='line_1_48' title="bbox 0 0 1650 5452; baseline 0 0"><span class='ocrx_word' id='word_1_354' title='bbox 0 0 1650 5452; x_wconf 95' lang='lat' dir='ltr'><strong> </strong></span> 
     </span>
    </p>
   </div>
  </div>
 </body>
</html>
